1968 3158
263 155 346 199 256
733 153 782 187 Μ.
802 151 1028 188 CORNELII
1050 151 1326 188 FRONTONIS

264 271 339 321 μὲν
379 269 458 310 ὑπ’
487 269 593 320 ἐμοῦ
633 267 835 319 διδόμενα
875 266 1047 309 δικαίως
1075 267 1127 309 ἂν
1165 267 1337 319 καλοίης
1375 269 1515 322 δῶρα,
1553 269 1606 310 τὰ
1635 268 1680 310 δ’
1710 267 1792 309 ὑπ’

263 336 430 379 ἐκείνου
461 335 606 387 λύτρα.
654 335 866 378 Μάντεων
889 336 936 378 δὲ
956 331 1106 377 παῖδές
1127 349 1255 388 φαςιν
1285 335 1352 377 καὶ
1380 337 1470 377 τοῖς
1500 338 1614 379 θεοῖς
1643 335 1792 387 ἡδίους

265 403 374 446 εἶναι
404 406 493 447 τῶν
524 406 680 445 θυςιῶν
711 403 787 445 τὰς
818 403 1112 456 χαριςτηρίους
1142 403 1168 455 ἢ
1198 404 1272 445 τὰς
1314 403 1564 455 μειλιχίους·
1616 402 1678 446 ὧν
1717 404 1792 445 τὰς

263 473 339 523 μὲν
372 472 412 513 οἱ
443 472 727 524 εὐτυχοῦντες
765 471 834 513 ἐπὶ
865 473 1034 527 φυλακῇ
1074 472 1140 513 καὶ
1178 472 1316 524 κτήςει
1352 474 1440 514 τῶν
1480 472 1678 526 ἀγαθῶν,
1717 472 1794 514 τὰς

264 541 311 582 δὲ
350 540 392 581 οἱ
429 544 570 582 κακῶς
607 540 869 591 πράττοντες
908 540 980 582 ἐπ’
1018 539 1247 595 ἀποτροπῇ
1287 542 1375 581 τῶν
1413 542 1569 582 δεινῶν
1608 539 1793 591 θύουςιν,

264 608 374 651 Τάδε
405 610 480 660 μὲν
511 608 608 660 περὶ
637 612 725 651 τῶν
749 609 1055 661 ςυμφερόντων
1078 608 1144 650 καὶ
1164 608 1277 650 τῶν1
1302 608 1366 650 ςοί
1394 621 1440 650 τε
1471 607 1652 664 κάκείνῳ
1679 607 1794 660 ὠφε-

266 676 398 727 λίμων
430 676 621 728 εἰρήςθω.
1498 682 1501 683 ’

378 743 420 785 Εἰ
450 745 496 786 δὲ
527 747 657 786 τοῦτο
690 743 875 786 δίκαιός2
907 744 1017 788 ἐςτιν
1047 747 1190 797 τυχεῖν
1220 747 1295 796 τῆς
1325 746 1442 798 παρὰ
1473 744 1578 788 ςοῡ3
1601 743 1794 798 βοηθείας

347 846 354 853 .
386 825 533 864 ερειςω
566 826 613 854 cu
643 815 773 855 τοῦτο
807 846 814 854 .
850 846 857 853 .
896 812 1012 869 αὐτῷ
1052 818 1227 869 πονερῷ
1268 814 1315 855 δὲ
1345 827 1532 865 τεκτηνω
1570 813 1637 854 καὶ
1667 825 1795 864 μηχα-

264 880 1794 936 νήςωτὰςθεττα..μεν..ων..ἐρᾷς..δὲπα..εἶπε...

265 963 369 990 τοτα
398 963 476 991 κον
501 982 509 989 .
546 981 554 989 .
586 981 595 990 .
629 949 846 1002 (ἀ)ναίτιος
871 981 878 989 .
915 981 923 988 .
955 949 1073 991 τινὸς
1104 950 1174 991 διὰ
1203 950 1280 1000 τὴν
1312 949 1428 1005 αὐτῷ
1460 963 1618 991 κατακο
1643 981 1651 989 .
1677 981 1686 990 .
1712 981 1720 989 .
1745 962 1794 990 κο

269 1051 276 1057 .
314 1050 321 1058 .
358 1016 414 1072 ,14
445 1018 557 1068 πλὴν
591 1016 626 1059 εἰ
657 1017 709 1068 μή
739 1031 777 1059 τι
809 1016 957 1070 ὀφθεὶς
987 1017 1195 1069 ἠδίκηκας.

381 1086 450 1136 Μὴ
483 1084 630 1135 ἀγνόει
660 1085 707 1126 δὲ
737 1085 803 1126 καὶ
830 1085 1049 1137 ιάδικηθεὶς
1079 1085 1208 1127 αὐτὸς
1239 1086 1306 1127 καὶ
1337 1085 1612 1138 ὑβριζόμενος
1643 1084 1696 1126 οὐ
1727 1098 1795 1137 με-

222 1155 224 1158 ’
265 1153 384 1205 τρίαν
415 1153 494 1205 ἤδη
526 1153 683 1204 ταύτην
705 1153 808 1204 τὴν5
829 1153 967 1206 ὕβριν,
999 1154 1050 1195 τὸ
1081 1157 1273 1196 ἅπαντας
1305 1153 1460 1196 εἰδέναι
1490 1167 1534 1195 τε
1565 1154 1633 1195 καὶ
1663 1166 1796 1207 φανε-

267 1224 353 1272 ρῶς
385 1221 524 1263 οὕτως
555 1221 839 1273 διαλέγεςθαι,
882 1221 946 1262 ὅτι
985 1235 1061 1263 ςου
1093 1221 1155 1274 εἴη
1195 1221 1270 1264 ὅδε
1302 1222 1496 1275 ἐραςτής·
1544 1221 1719 1275 φθάνεις
1750 1222 1797 1263 δὲ

266 1290 333 1330 καὶ
363 1289 462 1341 πρίν
493 1304 529 1331 τι
559 1293 647 1331 τῶν
678 1291 861 1331 τοιῶνδε
891 1291 1059 1341 πρᾶξαι,
1090 1290 1283 1342 τοῦνομα
1311 1293 1386 1342 τῆς
1416 1289 1611 1342 πράξεως
1642 1288 1797 1340 ὑπομέ-

265 1371 368 1399 νων.
432 1357 612 1399 Καλοῦςί
641 1358 688 1407 γ’
717 1356 823 1399 οὖνὸ
856 1371 898 1400 ςε
931 1357 970 1399 οἱ
1000 1360 1188 1401 πλεῖςτοι
1218 1362 1306 1401 τῶν
1338 1359 1530 1400 πολιτῶν
1560 1358 1638 1400 τὸν
1668 1359 1796 1399 τοῦδε

266 1425 507 1477 ἐρώμενον·
551 1425 637 1475 ἐγὼ
680 1426 727 1466 δέ
759 1439 823 1467 ςοι
853 1427 1103 1479 διαφυλάξιυ
1134 1426 1326 1479 τοῦνομα
1364 1427 1553 1478 καθαρὸν
1591 1426 1658 1467 καὶ
1696 1424 1797 1467 ἀνύ-

269 1497 448 1545 βριςτον.
511 1494 648 1535 Καλὸς
686 1493 768 1545 γὰρ
808 1493 904 1546 οὐχὶ
941 1494 1183 1546 ἐρώμενος7
1221 1494 1271 1536 τό
1308 1508 1356 1544 γε
1394 1494 1488 1536 κατ’
1527 1494 1599 1546 ἐμὲ
1636 1492 1796 1545 ὀνομα-

269 1563 416 1613 ςθήςει.
465 1560 507 1603 Εἰ
537 1560 611 1602 δὲῦ
631 1560 772 1615 τούτῳ
805 1561 864 1603 ὡς
895 1561 1040 1616 δικαίῳ
1071 1563 1150 1605 τινὶ
1180 1564 1390 1615 χρήςεται,
1422 1561 1488 1603 ὅτι
1517 1563 1679 1613 μᾶλλον
1711 1561 1798 1603 ἐπι-

267 1632 407 1683 θυμεῖ,
446 1629 547 1671 ἴςτω
588 1628 652 1671 ὅτι
688 1629 766 1671 οὐκ
797 1629 988 1682 ἐπιθυμεῖ
1018 1631 1206 1682 μᾶλλον,
1246 1631 1346 1672 ἀλλ’
1378 1630 1652 1682 ἰταμώτερον.
1712 1629 1799 1671 Τὰς

267 1699 314 1739 δὲ
345 1697 466 1749 μυίας
496 1698 563 1739 καὶ
593 1697 668 1738 τὰς
691 1696 864 1747 ἐμπίδας
891 1698 1065 1749 μάλιςτα
1086 1698 1386 1751 ἀποςοβοῦμεν
1408 1699 1475 1739 καὶ
1495 1697 1795 1750 ἀπωθούμεθα,

268 1765 333 1807 ὅτι
370 1765 650 1807 ἀναιδέςτατα
695 1766 762 1807 καὶ
802 1765 1042 1817 ἰταμώτατα
1079 1766 1363 1808 ἐπιπέτονται.
1422 1767 1563 1808 Τοῦτο
1602 1766 1677 1817 μὲν
1718 1763 1798 1806 οὖν

268 1834 334 1875 καὶ
363 1834 415 1875 τὰ
446 1834 569 1885 θηρία
599 1833 811 1875 ἐπίςταται
851 1834 1027 1886 φεύγειν
1067 1834 1242 1886 μάλιςτα
1281 1834 1459 1877 πάντων
1489 1834 1591 1876 τοὺς
1622 1832 1798 1884 κυνηγέ-

267 1915 356 1953 τας,
387 1903 454 1943 καὶ
484 1902 536 1943 τὰ
566 1901 708 1953 πτηνὰ
738 1902 839 1943 τοὺς
871 1902 1114 1954 θηρευτάςθ.
1159 1903 1232 1943 Καὶ
1252 1902 1393 1944 πάντα
1423 1903 1470 1944 δὲ
1500 1903 1552 1943 τὰ
1581 1905 1672 1957 ζῷα
1701 1900 1799 1942 τού-

267 1983 368 2011 τους
400 1969 574 2020 μάλιςτα
613 1970 857 2021 ἐκτρέπεται
894 1971 995 2012 τοὺς
1033 1971 1208 2022 μάλιςτα
1247 1970 1556 2022 ἐνεδρεύοντας
1596 1970 1663 2011 καὶ
1700 1968 1798 2010 διώ-

267 2051 434 2079 κοντας.

386 2104 428 2146 Εἰ
465 2105 513 2146 δέ
556 2118 617 2146 τις
663 2105 794 2147 οἴεται
843 2106 1128 2158 ἐνδοξότερον
1172 2107 1239 2148 καὶ
1279 2106 1550 2159 ἐντιμότερον
1598 2104 1708 2148 εἶναι
1745 2105 1796 2146 τὸ

269 2173 426 2214 κάλλος
458 2173 527 2214 διὰ
557 2173 659 2214 τοὺς
690 2173 889 2225 ἐραςτάς,
919 2177 997 2216 τοῦ
1028 2175 1192 2216 παντὸς
1223 2175 1509 2226 διαμαρτάνει.
1574 2172 1798 2215 Κινδυνεύ-

270 2255 338 2283 ετε
369 2242 444 2293 μὲν
474 2241 556 2292 γὰρ
587 2241 628 2282 0‘1
648 2241 770 2283 καλοὶ
799 2242 895 2294 περὶ
924 2244 1002 2283 τοῦ
1034 2241 1219 2284 κάλλους
1247 2244 1322 2293 τῆς
1352 2242 1397 2284 ἐς
1427 2242 1528 2283 τοὺς
1559 2240 1797 2283 ἀκούοντας

384 2358 401 2388 1
427 2353 509 2388 Duo
533 2353 718 2388 vocabula
740 2353 859 2388 Maius
884 2353 1018 2388 omisit.

382 2415 402 2444 2
426 2410 545 2445 Maius
574 2410 668 2455 legit
692 2411 847 2445 δίκαιον.

384 2471 403 2502 3
426 2465 584 2501 Videtur
606 2466 683 2511 legi
699 2468 797 2502 ΠΑΡ
813 2467 829 2500 λ
844 2468 897 2503 ΙΟ.
933 2467 1144 2511 Sequuntur
1169 2467 1466 2512 quattuordecim
1490 2478 1616 2503 versus
1642 2464 1799 2509 evanidi,

270 2534 362 2567 quos
387 2523 484 2558 dabo
509 2522 582 2557 fide
605 2522 704 2558 Maii.
754 2523 935 2568 Pleraque
959 2524 998 2558 in
1022 2523 1066 2559 iis
1091 2524 1254 2559 absurda
1279 2525 1373 2559 sunt.

382 2583 404 2613 4
428 2579 563 2624 Incipit
587 2579 674 2614 Cod.
701 2580 871 2615 Ambros.
898 2592 934 2625 p.
961 2584 1015 2616 69.

384 2641 404 2671 5
427 2635 542 2670 Deest
564 2636 602 2670 in
628 2635 771 2671 Codice.
823 2636 979 2682 Supplet
1003 2632 1239 2671 Niebuhrius.
1288 2637 1478 2673 Bekkerus
1503 2638 1633 2672 contra
1657 2636 1757 2671 dicit.

383 2696 403 2726 6
427 2692 546 2727 Maius
570 2692 679 2737 legit:
705 2695 880 2728 καλοῠςιν
905 2694 984 2728 οὖν.
1036 2692 1206 2728 Correxit
1230 2694 1433 2728 Bekkerus.

384 2752 402 2782 7
430 2748 569 2782 Codex:
601 2750 621 2783 ὁ
646 2750 847 2793 ἐρώμενος.

383 2807 404 2837 8
430 2803 569 2839 Codex:
607 2806 664 2849 δή.

384 2864 404 2894 9
429 2861 632 2895 Iacobsius:
659 2861 814 2897 ἰξευτάς.
