1968 3158
692 158 936 196 PRINCIPIA
959 157 1230 195 HISTORIAE.
1645 159 1730 202 205

135 291 140 298 ·
194 285 262 316 res
291 271 466 329 publica
496 273 713 328 poposcit,
753 273 951 315 omnibus
983 273 1186 329 Arpinati
1210 274 1479 329 vpaupertate
1509 275 1586 315 aut
1615 272 1728 316 Nur-

194 342 290 393 sina
319 341 505 383 duritia¹
527 341 706 384 ducibus
738 340 978 383 bellicosior
998 341 1143 383 extitit
1176 374 1184 382 .
1212 374 1219 382 .
1246 374 1255 383 .
1285 375 1293 383 .
1327 340 1510 383 Parthos
1533 340 1729 384 Romano

193 400 407 466 sanguine
436 409 624 465 inpiatos
658 441 846 452 .....
879 408 1039 451 orbant
1070 442 1078 450 .
1115 442 1123 450 .
1155 409 1415 466 tranquillus
1449 443 1725 452 .......

196 510 738 520 .............
752 476 1635 534 l²oratoribus⁸...atque.....
1672 511 1724 520 ..

196 579 512 588 ........
526 546 563 600 1³
593 545 695 588 olim
724 544 926 588 adversus
946 543 1164 588 Romanos
1185 546 1403 589 intentum
1433 549 1477 589 et
1505 546 1725 600 infestum,

193 616 237 656 et
266 614 563 656 instructum⁴.
624 612 756 656 Bellis
787 614 1069 656 exercitatum
1101 647 1108 655 .
1146 648 1153 655 .
1189 647 1197 656 .
1234 615 1273 655 .⁵
1304 616 1358 656 ab
1387 614 1557 657 insidiis

463 682 565 792 33..
595 715 605 791 ·.
639 715 650 791 ·.
684 716 740 792 ·.·.
774 715 1224 792 ···················

465 818 511 860 in
546 851 554 859 .
587 818 681 874 agit
714 851 1304 860 ..............

461 887 605 928 ratum
643 900 776 942 quum
813 886 908 928 ad.
942 899 1068 928 omne
1106 886 1275 928 facinus
1315 886 1557 929 audendum
1602 900 1723 942 prae-

192 969 290 1010 ceps
339 953 575 1011 agebatur,
626 954 745 997 nullo
787 954 873 997 iam
912 953 1093 1010 scelere,
1146 954 1258 1009 quod
1299 955 1483 998 atrocius
1533 954 1722 1010 auderet,

188 1022 396 1079 reliquob.

302 1090 412 1133 Tum
451 1092 726 1147 praetereae
768 1125 776 1133 .
820 1125 828 1133 .
873 1124 880 1132 .
918 1125 926 1132 .
964 1092 1002 1132 ,⁶
1048 1089 1300 1133 truend.m
1342 1123 1351 1132 .
1396 1123 1449 1132 ..
1493 1091 1617 1133 ...⁷
1667 1104 1724 1133 no

189 1159 338 1202 datum
371 1193 380 1201 .
416 1192 425 1201 .
460 1159 542 1200 ..⁸
571 1161 686 1202 trato
729 1158 890 1202 bellum
923 1191 933 1200 .
969 1192 977 1201 .
1010 1158 1193 1201 randum
1226 1191 1279 1200 ..
1341 1158 1412 1200 Ad
1462 1157 1544 1201 hoc
1583 1191 1592 1200 .
1628 1191 1637 1200 .
1677 1158 1724 1200 in

188 1226 348 1270 bellum
377 1226 596 1283 profectus
634 1229 700 1270 est
738 1241 835 1270 cum
865 1227 1052 1284 cognitis
1080 1226 1289 1269 militibus
1318 1226 1486 1269 hostem
1514 1225 1725 1268 Parthum

189 1295 579 1350 contemnentibus,
611 1295 870 1352 sagittarum
899 1295 1010 1338 ictus
1040 1297 1139 1350 post
1167 1294 1366 1351 ingentia
1394 1294 1611 1337 Dacorum
1645 1293 1723 1336 fal-

189 1362 308 1406 cibus
337 1362 474 1405 inlata
504 1362 680 1406 volnera
717 1363 955 1419 despicatui
985 1362 1245 1405 habentibus
1258 1371 1286 1404 ⁰.
1347 1361 1507 1405 Multos
1537 1362 1723 1404 militum

186 1430 420 1486 imperator
457 1445 534 1474 suo
572 1445 781 1488 quemque
819 1431 993 1474 nomine
1022 1431 1222 1487 proprio⁹
1253 1432 1381 1486 atque
1416 1430 1624 1473 castrensi
1656 1444 1722 1472 co-

188 1498 393 1554 gnomine
423 1499 486 1554 [et
505 1498 563 1558 io]
575 1500 608 1525 ¹⁰
618 1499 754 1542 culari
784 1498 1044 1555 appellabat.
1106 1498 1259 1555 Pigros
1283 1531 1292 1540 .
1319 1499 1374 1540 .¹¹
1405 1497 1471 1540 vel
1503 1498 1721 1541 corniculo

187 1566 256 1609 vel
305 1564 466 1625 [aureo]
513 1566 581 1609 vel
629 1566 788 1622 partim
835 1600 842 1607 .
879 1600 887 1607 .
935 1567 1139 1622 cuiusque
1180 1600 1188 1608 .
1226 1600 1233 1607 .
1270 1600 1278 1607 .
1319 1568 1434 1608 tores
1478 1564 1721 1621 triumphos

188 1649 212 1677 c
244 1668 253 1676 .
289 1668 301 1692 .
335 1668 343 1676 .
381 1668 389 1676 .
422 1634 506 1676 is¹²
538 1668 995 1676 ...........
1029 1634 1062 1662 ¹³
1095 1667 1328 1676 ......
1361 1634 1506 1676 disset.

301 1782 324 1806 a
347 1773 584 1815 In-maryine:
608 1770 860 1816 Panegyricus
885 1769 1074 1816 Vologesi.

300 1827 324 1862 b
349 1830 395 1863 In
418 1831 586 1874 margine:
610 1826 670 1862 Ad
694 1837 803 1863 omne
827 1847 871 1853 —
894 1826 1050 1872 reliquo.

300 1895 320 1920 c
348 1887 393 1919 In
416 1887 584 1930 margine:
609 1883 832 1920 Parthorum
864 1883 1023 1929 sagittas
1052 1883 1232 1919 militibus
1262 1882 1399 1919 nostris
1434 1883 1523 1930 post
1550 1882 1720 1929 ingentia

186 1940 373 1977 Dacorum
397 1940 554 1976 falcibus
577 1939 696 1976 inlata
718 1940 873 1977 vulnera
898 1940 1232 1976 contemnentibus.

302 2082 317 2113 1
344 2076 517 2123 Intellige
539 2076 700 2113 Marium
724 2079 762 2114 et
784 2077 1067 2124 Vespasianum.
1117 2079 1331 2113 Niehumus.

298 2138 319 2170 2
344 2124 632 2179 Sequitufcod.
658 2146 694 2180 p.
719 2138 797 2170 2⁷3.

298 2196 319 2228 3
342 2186 505 2237 Explicit
529 2190 723 2236 quaternio
746 2190 911 2227 XXXVI.
959 2190 1134 2236 Sequitur
1158 2189 1247 2227 Cod.
1272 2202 1309 2237 p.
1335 2193 1413 2226 252.

297 2252 319 2283 4
342 2247 488 2294 Nempe
511 2247 652 2284 bellum
676 2247 885 2294 Vologesus
908 2248 1085 2294 paratum
1109 2247 1178 2283 sub
1209 2246 1276 2284 Pio
1308 2246 1426 2284 Marci
1450 2248 1489 2283 et
1511 2246 1601 2283 Veri
1624 2248 1717 2284 tem-

184 2315 276 2350 pore
299 2303 442 2340 indixit.
493 2303 652 2351 Capitol.
675 2304 715 2340 in
738 2304 787 2340 M.
813 2308 845 2341 8.
895 2306 1022 2342 Maius.

301 2364 322 2397 5
346 2360 491 2397 Desunt
514 2361 691 2406 quattuor
714 2361 874 2398 litterae.

300 2420 320 2451 6
342 2416 487 2453 Desunt
510 2416 672 2462 quinque
695 2417 856 2454 litterae.

298 2476 318 2508 ’1
342 2473 487 2509 Desunt
509 2484 573 2509 sex
599 2472 757 2509 litterae.

297 2533 318 2566 8
341 2529 485 2566 Desunt
508 2530 653 2575 septem
675 2541 815 2572 versus,
842 2540 958 2574 usque
983 2529 1031 2565 ad
1055 2534 1090 2565 in
1113 2532 1240 2566 bellum.

298 2591 318 2622 9
343 2585 546 2622 Confirmat
570 2585 616 2622 de
641 2585 802 2622 Traiano
827 2585 967 2622 Plinius
991 2586 1130 2631 Paneg.
1157 2596 1187 2621 c
1218 2589 1267 2621 15.
1316 2588 1441 2621 Maius.

277 2646 319 2679 10
343 2643 402 2679 Ita
425 2642 671 2689 supplendum
694 2641 851 2678 videtur.

276 2704 316 2735 11
343 2699 437 2735 Sunt
460 2697 640 2735 tredecim
664 2709 792 2734 versus
816 2709 933 2743 usque
957 2698 1007 2735 ad
1029 2698 1191 2745 paginae
1215 2698 1336 2734 finem.

275 2760 317 2791 12
340 2755 446 2792 Duae
469 2758 682 2801 postremae
705 2755 854 2791 litterae
878 2766 902 2791 a
925 2766 996 2791 sec.
1022 2767 1070 2791 m.

276 2816 317 2848 13
342 2811 518 2857 Sequitur
542 2811 631 2849 eod.
657 2824 693 2858 p.
720 2815 784 2848 251
811 2811 980 2848 obscura.
1012 2811 1265 2848 Heindorfius.
1290 2814 1416 2857 Piyros
1433 2810 1712 2856 exhortabatur,

183 2870 355 2905 strenuos
379 2873 431 2906 vel
453 2872 625 2906 corniculo
649 2873 702 2905 vel
723 2868 851 2905 balteo
874 2873 927 2905 vel
950 2868 1104 2905 armillis
1129 2867 1290 2914 ingentis
1318 2872 1445 2913 partim
1468 2867 1580 2913 pretii
1604 2867 1711 2905 donis
