1968 3158
203 164 293 205 164
481 162 530 197 M.
551 161 779 197 CORNELII
802 160 1079 197 FRONTONIS
1103 161 1447 198 EPISTULARUM

198 277 320 318 valde
358 278 510 331 potens
549 278 615 318 est
624 310 635 330 ,
683 276 795 332 quod
833 290 997 318 summe
1035 276 1206 319 efficere
1236 277 1395 332 possis,
1442 277 1572 319 etiam
1608 278 1729 320 velle.

198 344 320 386 Nihil
350 344 444 385 istis
476 344 671 386 sensibus
711 344 915 400 validius,
948 344 1058 386 nihil
1090 345 1348 399 elocutione,
1391 345 1509 388 salva
1547 346 1732 388 sanitate

198 414 332 454 tamen
350 412 377 467 ¹,
412 412 592 454 civilius.
654 412 804 468 Neque
835 413 950 455 enim
980 413 1062 455 hoc
1094 413 1397 467 committam2,
1440 415 1490 455 ut
1518 415 1562 456 te
1590 414 1733 455 iustis-

198 481 306 522 sima
335 480 460 522 lande
489 480 705 535 fraudem,
754 481 854 523 dum
892 484 1051 537 metuo,
1083 496 1139 524 ne
1176 482 1413 524 insolenter
1441 481 1588 523 laudes
1617 495 1733 524 meas

196 549 380 590 laudem.
423 547 543 590 Bene
572 549 707 605 igitur
738 550 943 604 accepisti
975 553 1018 592 et
1047 550 1287 593 rectissimo
1318 564 1458 609 opere,
1493 549 1560 591 cui
1589 549 1731 605 plane,

198 617 386 671 seposita
416 617 610 672 materia,
644 618 782 659 omnis
812 617 950 660 honor
980 618 1180 660 debetur:
1213 620 1401 660 ceterum
1432 618 1485 659 ad
1515 619 1733 660 ostentan-

197 684 321 726 dumss
352 684 458 726 mihi
491 685 683 726 animum
712 687 835 727 tuum
859 701 948 729 non
978 687 1167 729 multum
1195 687 1305 742 egit:
1336 701 1439 728 nam
1470 700 1561 728 esse
1590 687 1634 728 te
1663 685 1733 728 be-

195 753 501 809 nignissimum
531 754 722 795 omnium
752 754 967 796 factorum
997 757 1040 796 et
1071 755 1282 797 dictorum
1311 769 1503 797 meorum
1535 753 1734 796 concilia-

195 823 333 863 torem
362 821 472 863 bene
501 836 719 864 noveram.
781 821 890 865 Vale
920 822 979 864 mi
1010 822 1194 878 Fronto,
1229 823 1445 865 carissime
1475 822 1595 864 mihi.

309 890 390 932 Illa
426 904 527 945 pars
565 891 773 932 orationis
810 892 910 932 tuae
951 891 1064 933 circa
1101 890 1334 933 Faustinae
1370 905 1490 933 meae
1527 890 1733 933 honorem

195 958 440 1014 gratissime
472 972 497 999 a
526 960 570 1000 te
601 958 798 1000 adsumta
837 959 976 1001 verior
1006 958 1114 1000 mihi
1144 973 1273 1015 quam
1302 959 1500 1001 disertior
1531 959 1622 1001 visa
1652 961 1730 1000 est.

195 1027 308 1069 Nam
344 1028 407 1068 ita
445 1041 489 1068 se
526 1041 594 1069 res
633 1027 787 1069 habet:
838 1027 1012 1069 mallem
1049 1026 1294 1069 mehercule
1334 1026 1488 1083 Gyaris
1525 1041 1622 1069 cum
1657 1026 1734 1068 illa

194 1110 323 1150 quam
354 1096 447 1136 sine
477 1094 578 1136 illa⁴
608 1095 655 1136 in
687 1094 857 1137 Palatio
887 1096 1029 1138 vivere
1043 1104 1072 1138 ³.

505 1265 604 1308 ΙΙΙ.
664 1264 907 1310 Antonino
946 1266 1035 1309 Pio
1066 1264 1187 1320 Aug.
1220 1265 1418 1309 Fronto.

310 1356 354 1399 Si
393 1357 563 1398 evenire
600 1359 766 1412 posset,
808 1357 933 1412 lmp.‚
980 1359 1030 1398 ut
1068 1357 1196 1399 amici
1234 1371 1284 1399 ac
1321 1356 1557 1398 familiares
1595 1357 1731 1416 nostri

194 1425 354 1467 nostris
402 1425 591 1466 moribus
637 1427 794 1467 cuncta
849 1427 1030 1481 agerent
1041 1426 1070 1479 5,
1119 1425 1303 1466 maxime
1360 1424 1534 1466 vellem-z
1598 1426 1731 1479 tumfi,

195 1494 230 1535 si
275 1508 363 1535 non
408 1493 618 1548 moribus,
662 1495 706 1534 at
751 1493 904 1535 saltem
949 1495 997 1535 ut
1037 1493 1227 1535 consiliis
1257 1493 1415 1547 ubique
1446 1491 1605 1534 nostris
1643 1494 1733 1534 ute-

195 1561 386 1603 renturb.

311 1628 394 1672 Sed
424 1629 627 1684 quoniam
658 1630 806 1671 suum⁷
830 1630 1034 1684 cuiusque
1055 1628 1283 1685 ingenium
1312 1628 1447 1671 vitam
1476 1628 1730 1684 gubernate,

193 1698 333 1740 fateor
365 1711 493 1753 aegre
523 1698 636 1740 ferre
670 1713 759 1753 me,
793 1698 905 1753 quod
936 1697 1099 1739 amicus
1130 1697 1296 1753 meus]8
1336 1696 1473 1752 Niger
1503 1695 1732 1739 Censorius

192 1768 455 1808 testamento
479 1780 575 1821 SUO,
609 1781 692 1822 quo
722 1781 790 1808 me
822 1765 1023 1807 heredem
1052 1765 1259 1820 instituit,
1292 1779 1445 1820 parum
1465 1765 1606 1807 verbis
1626 1766 1732 1806 tem-

194 1835 370 1890 perarit.

309 1903 359 1944 Id
390 1916 470 1958 ego
499 1902 665 1944 factum
696 1904 786 1945 eius
822 1903 1042 1958 improbus
1073 1903 1155 1945 sim
1185 1902 1220 1944 si
1247 1901 1516 1944 defendendo
1545 1915 1732 1958 purgare

310 2073 334 2097 a
359 2065 402 2097 In
425 2065 593 2107 margine:
624 2061 776 2096 Mallem
801 2082 845 2087 —
869 2061 1004 2097 vivere.

308 2119 332 2154 b
360 2121 403 2153 In
427 2122 596 2162 margine:
623 2117 662 2152 Si
687 2118 835 2153 evenire
851 2120 980 2164 posset
998 2120 1040 2153 ut
1057 2129 1128 2153 am.
1148 2139 1192 2143 —
1210 2118 1377 2163 agerent,
1395 2117 1555 2153 maxime
1579 2117 1731 2154 vellem:

194 2178 275 2211 tum
299 2175 330 2210 si
352 2195 398 2202 —-
422 2175 628 2210 uterentur.

310 2244 329 2268 e
354 2235 397 2267 In
414 2235 581 2277 margine:
600 2231 674 2266 Sed
691 2232 868 2276 quoniam
885 2243 990 2268 suam
1008 2232 1184 2277 cuiusque
1199 2231 1391 2276 ingenium
1403 2231 1519 2266 vitam
1532 2231 1729 2275 gubernat.

311 2374 327 2404 1
354 2368 442 2405 Cod.
470 2368 536 2403 TA
561 2397 568 2404 .
597 2397 604 2403 .
634 2396 660 2413 .,
686 2368 787 2413 quod.
816 2368 984 2414 supplevi
1013 2375 1134 2403 tamen.
1180 2367 1300 2403 Maius
1333 2378 1464 2403 vocem
1496 2366 1631 2404 omisit.

310 2430 330 2461 2
356 2425 444 2461 eod.
472 2429 628 2461 omittam.
678 2425 847 2461 Correxit
870 2415 1000 2461 Maihs.

311 2488 331 2518 3
358 2482 501 2518 Codex:
533 2487 781 2519 ostantandum.

309 2543 331 2574 4
354 2540 396 2574 In
427 2539 561 2574 Codice
592 2538 739 2575 videtur
769 2549 848 2574 esse
879 2543 958 2574 ulla.
1008 2538 1185 2574 Faustina
1214 2537 1336 2573 tribus
1366 2538 1471 2573 annis
1507 2538 1595 2573 ante
1631 2537 1732 2574 diem

197 2595 329 2631 obiisse
356 2596 514 2632 videtur.

309 2656 330 2688 5
353 2653 497 2688 Mavult
519 2653 771 2688 Heindorfius:
797 2652 836 2687 id
860 2656 1019 2689 maxime.

310 2713 330 2743 6
355 2709 443 2744 Cod.
468 2722 504 2755 p.
530 2722 581 2744 m.
608 2718 706 2745 tuum.

310 2770 328 2800 7
354 2766 454 2801 Nota
477 2767 515 2801 in
546 2766 717 2812 margine
741 2779 846 2801 suam.

309 2825 329 2855 8
354 2821 488 2867 Incipit
519 2821 607 2857 Ood.
639 2834 675 2867 p.
703 2826 780 2858 356.
837 2821 972 2857 Consul
1006 2823 1123 2868 Niger
1159 2822 1320 2858 occurrit
1350 2821 1454 2858 annis
1478 2825 1545 2857 870
1578 2821 1616 2857 et
1652 2825 1729 2865 891,

194 2877 315 2923 primo
340 2878 513 2913 videlicet
538 2879 576 2913 et
599 2878 730 2914 ultimo
754 2878 937 2914 Hadriani
959 2878 1178 2924 imperantis
1203 2890 1311 2914 anno.
1361 2881 1490 2914 Maius.
