1968 3158
447 180 513 217 AD
538 180 586 216 Μ.
607 179 865 217 CAESAREM
890 179 953 215 ΕΤ
979 178 1182 215 INVICEM
1206 177 1351 214 LIBER
1375 177 1455 213 IIII.
1675 178 1725 220 71

546 342 687 386 vlll.
732 342 964 396 Magnetum
994 340 1095 384 Meo
1127 338 1362 384 Salutem.

301 435 548 477 Adventum
593 436 716 476 tumn
761 433 865 476 mihi
911 434 1048 475 frater
1086 434 1185 474 tuus
1225 446 1364 487 nuper
1409 431 1725 483 εὐηγγελίεατο.

187 503 323 560 Cupio
360 503 602 546 mehercule
637 502 775 559 possis
812 501 979 556 venire,
1028 501 1140 556 quod
1179 500 1316 542 salute
1352 501 1428 542 tua
1466 500 1561 542 fiat:
1604 514 1728 555 spero

186 572 302 615 enim
330 573 436 626 fore,
477 574 526 614 ut
556 571 685 614 etiam
715 569 952 613 valetudini
982 583 1102 611 meae
1141 570 1396 623 conspectus
1429 571 1529 611 tuus
1567 568 1727 624 aliquid

186 642 400 684 conferat:
440 642 505 684 Εἰ(
535 641 690 694 ὄμματ’
728 639 859 683 εὔνου
891 638 1042 692 φωτὸς
1073 637 1282 690 ἐμβλέψαι
1317 637 1464 689 γλυκύ,
1503 637 1727 690 Εὐριπίδης

186 709 268 752 ait¹
303 710 468 766 opinor.
515 709 612 765 Ego
642 706 1059 763 inpraesentiarum²
1091 706 1152 748 sic
1173 719 1240 747 me
1261 705 1414 760 habeo,
1448 708 1496 747 ut
1526 705 1593 748 vel
1623 706 1727 748 hinc

186 779 416 821 aestimatu
445 777 572 820 facile
611 776 668 818 sit
706 776 800 830 tibi,
842 774 955 831 quod
992 775 1099 816 haec
1138 774 1362 830 praecaria
1399 790 1531 816 manu
1570 774 1724 816 scribo.

185 846 297 890 Sane
327 846 499 902 quidem
529 845 642 902 quod
672 845 725 887 ad
755 844 867 887 vires
899 843 1080 898 adtinet,
1112 842 1330 898 incipiunt
1350 840 1507 884 redire:
1540 842 1727 898 pectoris

183 915 315 958 etiam
345 914 465 957 dolor
484 914 628 957 nullus
650 913 864 968 residuus3
896 912 1016 954 ulcus
1039 913 1182 954 autem
1202 911 1309 953 illud
1329 911 1726 954 ΑΠΙΞΡΓΑΝΣΤΑΙ3

182 987 258 1037 τῆς
289 983 502 1037 ἀρτηρίας.
542 982 633 1025 Nos
663 981 852 1024 remedia
883 980 1126 1037 experimur
1157 982 1200 1022 et
1229 980 1390 1035 nequid
1421 993 1547 1035 opere
1578 982 1727 1022 nostro

184 1051 370 1107 claudat,
404 1051 701 1108 advigilamus.
735 1050 767 1107 1⁴¹
788 1049 940 1106 Neque
971 1049 1088 1092 enim
1117 1048 1205 1090 ulla
1236 1048 1320 1090 alia
1357 1063 1403 1090 re
1434 1048 1726 1090 tolerabiliora

182 1121 387 1163 diuturna
416 1120 689 1163 incommoda
718 1119 812 1162 fieri
852 1118 1006 1174 sentio,
1047 1133 1177 1174 quam
1209 1116 1475 1159 conscientia
1507 1131 1634 1158 curae
1665 1117 1725 1159 di-

180 1189 358 1246 ligentis
390 1191 432 1231 et
466 1188 779 1245 temperantiae
818 1187 1009 1230 medicis.
1031 1186 1321 1242 obsequentis.
1383 1185 1526 1241 Turpe
1566 1185 1723 1240 alioqui

180 1258 313 1300 fuerit
350 1258 510 1300 diutius
549 1257 701 1300 vitium
739 1256 926 1312 corporis
965 1270 1095 1311 quam
1131 1254 1265 1296 animi
1302 1253 1491 1296 studium
1529 1255 1582 1296 ad
1619 1254 1723 1296 reci-

181 1327 416 1382 perandam
453 1326 686 1368 sanitatem
730 1339 854 1381 posse
901 1324 1069 1366 durare.
1143 1323 1270 1378 Vale,
1319 1323 1379 1364 mi
1416 1322 1724 1365 iucundissime

180 1394 400 1452 magister.
463 1394 632 1438 Salutat
661 1396 704 1436 te
734 1395 873 1436 mater
891 1407 1011 1466 xmea.

685 1507 777 1552 IX.
828 1507 1032 1552 Domino
1061 1506 1163 1551 Meo
1173 1507 1204 1549 5.

294 1601 457 1657 Accepi
487 1601 654 1643 litteras
683 1602 782 1642 tuas
813 1599 1133 1661 elegantissime
1165 1598 1362 1654 scriptas,
1396 1597 1550 1653 quibus
1579 1599 1627 1639 tu
1657 1598 1721 1639 in-

179 1669 360 1715 tervallo
391 1669 648 1711 desiderium
683 1668 928 1711 litterarum
956 1682 1150 1710 mearum
1180 1667 1379 1709 obortum
1408 1665 1489 1708 tibi
1520 1680 1611 1708 esse
1643 1666 1718 1708 ais.

179 1738 261 1780 Est
299 1738 435 1794 igitur
473 1752 572 1780 vera
611 1727 778 1780 Socrati
823 1737 991 1792 opinio,
1038 1735 1254 1778 doloribus
1297 1735 1432 1777 ferme
1479 1734 1721 1790 voluptates

181 1815 392 1849 conexas²²
423 1821 535 1861 esse,
578 1821 674 1848 cum
708 1806 756 1848 in
788 1820 956 1848 carcere
987 1805 1177 1847 dolorem
1207 1803 1431 1846 constricti
1463 1802 1621 1845 vinculi
1651 1817 1720 1844 vo-

131 1866 133 1874 '
178 1875 346 1931 luptate
376 1875 554 1917 resoluti
585 1876 883 1930 conpensaret.
923 1874 1035 1916 Item
1054 1873 1247 1929 profecto
1277 1871 1324 1914 in
1354 1871 1479 1913 nobis
1509 1873 1720 1927 quantum

178 1943 399 1994 molestiae
431 1943 641 1998 absentia,
680 1945 852 1985 tantum
891 1942 1098 1985 commodi
1140 1940 1280 1983 adfert
1325 1939 1581 1982 desiderium
1616 1939 1720 1981 inri-

178 2013 331 2054 tatum.
392 2011 506 2054 Nam
549 2012 805 2054 desiderium
850 2026 900 2053 ex
951 2025 1092 2053 amore
1139 2011 1217 2052 est.
1277 2008 1421 2064 Igitur
1459 2021 1577 2050 amor
1623 2022 1719 2050 cum

178 2080 386 2122 desiderio
417 2082 568 2123 auctus
600 2083 678 2135 est,
720 2080 832 2136 quod
863 2079 953 2122 est6
983 2079 1037 2121 ‘in
1066 2077 1257 2120 amicitia
1294 2076 1454 2118 mult0⁷
1492 2077 1716 2132 optimum.

177 2149 289 2192 Tum
319 2149 431 2206 quod
461 2149 631 2205 quaeris
671 2149 722 2190 de
752 2148 999 2190 valetudine
1029 2162 1138 2202 mea,
1180 2146 1266 2188 iam
1303 2146 1422 2201 prius
1461 2145 1718 2200 scripseram

130 2253 131 2256 ,
177 2217 272 2272 tibi,
311 2232 380 2261 me
410 2217 572 2263 umeri8
611 2217 754 2260 dolore
792 2218 994 2259 vexatum
1032 2215 1095 2258 ita
1132 2215 1408 2257 vehementer
1445 2214 1630 2269 quidem,
1670 2215 1719 2255 ut

291 2342 314 2368 a
340 2333 382 2366 ln
407 2335 574 2378 margine:
601 2330 746 2367 Socrati
771 2330 897 2377 opinio
922 2330 978 2366 est
1003 2329 1194 2366 doloribus
1217 2329 1430 2374 voluptates
1448 2339 1526 2364 esse
1544 2339 1714 2363 conexas

293 2461 310 2492 1
338 2456 426 2492 Cod.
454 2457 655 2493 secundum
677 2456 836 2492 Maium:
869 2457 1109 2501 ἑμβλέψεται,
1136 2456 1218 2500 Εὐρ.
1244 2462 1280 2490 ut
1304 2468 1359 2500 op.
1411 2453 1580 2489 Correxit
1605 2452 1716 2488 Scho-

177 2526 305 2560 penus.
357 2514 410 2550 Cf.
436 2514 523 2549 Eur.
551 2514 628 2549 Ion.
656 2517 732 2549 732.

292 2576 312 2606 2
337 2571 572 2606 Vocabulum
596 2570 799 2616 repetitum
822 2569 860 2604 in
883 2569 1066 2615 margine.

291 2635 311 2665 3
336 2630 394 2664 Ita
415 2627 536 2663 Maius
561 2626 632 2662 sibi
654 2627 782 2672 legere
805 2626 907 2662 visus
932 2628 999 2662 est.
1048 2626 1220 2662 Fortasse
1246 2626 1509 2670 ἀπεξήρανται.

289 2691 311 2721 4
335 2684 470 2731 Incipit
495 2684 583 2720 Cod.
609 2683 694 2719 Vat.
720 2695 757 2729 p.
779 2686 852 2719 183.

292 2747 311 2779 5
336 2743 379 2777 In
402 2741 529 2777 Indice
552 2741 646 2776 haec
671 2739 830 2785 epistola
855 2739 1050 2775 omittitur.

289 2803 310 2834 6
334 2798 429 2834 Add.
456 2810 526 2834 sec.
553 2810 601 2833 m.

292 2860 310 2891 7
337 2854 424 2890 Cod.
450 2867 506 2900 pr.
533 2866 581 2889 m.
607 2858 720 2891 multa.

290 2915 310 2947 8
334 2911 454 2948 Maius
477 2911 582 2948 iubet
607 2911 766 2949 conferri
789 2910 982 2959 Eutychen
1006 2923 1064 2958 ap.
1092 2911 1239 2947 Putsch.
1267 2923 1302 2957 p.
1322 2914 1422 2946 2312.
