1968 3158
604 142 665 182 VI.
716 143 865 182 INDEX
895 142 1093 182 ORTHOG
1100 142 1311 181 RAPHICU
1314 142 1349 179 S.
1658 142 1739 186 277

100 246 114 249 ,
178 283 186 286 ·-
256 263 316 300 lea
334 260 494 307 quicque
511 272 548 307 p.
567 262 630 296 192
654 271 686 295 v.
709 263 764 304 12,
779 262 843 296 sed
858 258 975 304 quid-,
1041 270 1079 306 p.
1106 262 1149 294 70
1180 270 1213 294 v.
1242 261 1271 294 1.
1322 260 1367 302 ef.
1399 259 1558 294 Gor-nen.
1592 259 1741 303 Auupr.

256 329 329 366 que
353 330 389 366 p.
412 321 477 355 193
502 330 535 353 ν.
554 320 586 353 4.
624 319 725 353 Certe
749 319 844 362 apud
860 318 959 360 Quin·
1041 315 1076 351 II
1100 319 1154 352 20.

258 379 409 414 mianum
440 375 456 411 1
482 379 500 411 7
533 378 553 418 5
578 377 599 409 6
635 379 668 410 et
695 375 840 419 Capram
870 375 958 408 2241
997 372 1201 410 Suscenseo
1226 377 1435 409 commater.

253 437 412 470 docemur
461 433 614 467 ser-ibere
666 428 842 475 quicquid
894 442 959 465 non
996 429 1300 476 Symbolus‘yen.
1337 441 1438 465 masc.
1476 439 1512 474 p.
1544 430 1609 465 100
1639 439 1672 463 v.
1703 431 1744 463 14

253 487 445 536 quidquid.
500 491 580 524 Via.
612 490 774 524 Comen.
809 488 955 532 Ausspr.
1040 500 1059 522 e
1084 488 1224 522 Catone.

253 547 270 583 1
297 550 349 582 17.
995 545 1180 590 synestum
1203 546 1350 589 clepone.
1387 542 1455 578 lna
1472 553 1568 587 quae
1587 540 1742 577 Alexan-

210 602 308 648 Quid
322 602 440 640 horae
460 615 530 648 pro
547 613 622 647 qua
638 600 732 637 hora
755 611 791 646 p.
812 603 856 636 39
873 611 905 635 v.
925 603 956 635 4.
1040 599 1098 635 dri
1123 599 1276 635 comites
1298 599 1510 642 tenuerunt,
1534 598 1743 645 praesectu-

209 659 300 705 Quis
321 673 389 707 pro
414 658 530 704 siquis
555 669 591 705 p.
614 661 677 694 123
702 669 734 693 v.
762 657 886 703 antep.
908 661 960 692 vel
1039 667 1104 692 rae
1134 655 1255 701 magis
1287 666 1400 703 quam
1430 654 1589 702 imperia
1618 653 1742 702 appel-

253 719 367 763 potius
392 715 493 761 quod
516 728 582 760 pro
608 712 751 759 quodsi,
776 721 812 749 ut
835 724 871 759 p.
893 716 958 749 179
1038 712 1185 757 landae,
1208 724 1244 759 p.
1272 715 1339 749 204
1363 724 1395 748 ν.
1423 717 1454 748 2.

255 786 288 810 ν.
316 778 348 810 2.
994 770 1089 806 Tam
1117 783 1185 816 pro
1222 770 1349 806 tamen
1384 780 1421 815 p.
1450 768 1514 804 120
1544 780 1576 804 v.
1605 772 1636 805 7.
1687 770 1741 813 Cf.

207 830 298 875 Quis
322 829 519 875 quisquam
543 840 582 875 p.
609 831 651 864 18
675 839 708 862 v.
738 830 789 862 16.
1038 828 1177 863 liitselel.
1201 830 1292 871 prol.
1324 827 1469 861 Trinum.
1496 837 1532 871 p.
1553 828 1605 860 14.
1639 827 1742 861 Cors-

210 887 292 931 Quo
315 900 382 932 pro
409 887 526 932 quod,
551 892 587 920 ut
603 888 737 920 videtur
754 895 790 930 p.
809 886 852 920 54
868 894 901 930 v.
921 886 958 925 63
1036 896 1109 919 sen.
1138 885 1286 929 Ausspr.
1311 881 1345 918 II
1369 885 1432 925 95,
1459 883 1572 917 Beitr.
1598 893 1634 927 p.
1663 885 1749 930 273,

254 955 291 990 p.
318 947 362 980 59
387 955 421 978 v.
448 947 478 979 3.
993 940 1130 976 Tecum
1169 952 1235 985 pro
1270 939 1309 974 te
1341 951 1452 974 accus.
1492 951 1573 974 casu
1611 950 1646 984 p.
1676 942 1741 974 168

210 1000 292 1044 Quo
315 1013 383 1046 pro
408 1002 544 1045 quom?
573 1010 609 1044 p.
636 1001 679 1033 81
704 1009 739 1034 v.
768 1000 820 1032 11.
1040 1009 1073 1032 v.
1104 999 1154 1032 13.

209 1056 318 1100 Quod
341 1070 407 1102 pro
433 1067 479 1092 ex
503 1065 577 1100 quo
601 1066 638 1100 p.
665 1058 706 1090 91
732 1066 766 1089 v.
794 1056 848 1091 16.
994 1053 1145 1098 Tegora
1167 1065 1233 1097 pro
1258 1053 1412 1097 tergora
1436 1063 1472 1097 p.
1501 1054 1563 1087 141
1591 1064 1622 1087 v.
1654 1055 1705 1087 17.

209 1112 365 1160 Recipio
403 1119 523 1148 neutro
558 1124 659 1147 sensu
696 1122 733 1157 p.
759 1114 803 1147 68
833 1121 866 1145 v.
896 1112 957 1152 1ος
995 1110 1114 1146 Terra
1138 1108 1297 1144 Graecia
1320 1120 1356 1155 p.
1384 1112 1425 1144 31
1452 1120 1486 1143 v.
1513 1113 1544 1144 7.

254 1181 291 1216 p.
319 1172 387 1206 238
412 1182 445 1205 v.
471 1174 503 1205 2.
995 1166 1158 1202 Tussatur
1180 1169 1315 1210 passive
1338 1177 1375 1211 p.
1402 1168 1470 1200 215
1494 1177 1527 1200 v.
1554 1169 1585 1200 5.

212 1225 414 1264 Remissius
438 1230 450 1260 ἰ
474 1239 503 1261 e.
526 1223 680 1260 hilarius
705 1235 741 1270 p.
768 1226 812 1259 73
836 1234 870 1257 v.
897 1225 958 1265 21;
993 1215 1099 1259 Vera
1119 1233 1178 1258 res
1200 1235 1270 1267 pro
1300 1220 1440 1257 veritas
1472 1233 1508 1268 p.
1538 1224 1601 1257 192
1626 1233 1659 1256 ν.
1690 1225 1741 1256 16.

252 1287 407 1330 sortasse
432 1285 533 1318 etiam
555 1292 592 1327 p.
619 1284 664 1316 23
687 1291 720 1315 v.
749 1283 782 1316 9.
1002 1282 1118 1315 Verba
1142 1284 1270 1325 aIIquot
1294 1282 1471 1314 dimidiata
1494 1290 1531 1324 p.
1558 1280 1634 1313 225.
1688 1279 1739 1321 Cf.

210 1340 329 1378 Sanus
358 1338 525 1375 omnium
554 1348 679 1373 rerum
708 1348 745 1382 p.
775 1339 820 1372 24
842 1347 874 1370 v.
905 1339 958 1370 16.
1044 1338 1202 1371 Corssen.
1230 1338 1379 1380 Ausspr.
1403 1335 1438 1370 II
1462 1338 1516 1369 61.

210 1396 450 1445 Sipunculus,
475 1408 541 1432 non
565 1393 804 1440 siphunculus
829 1404 864 1438 p.
895 1395 959 1427 158
995 1392 1250 1429 Vehemenber
1273 1404 1310 1438 p.
1329 1395 1374 1428 30
1390 1403 1422 1426 ν.
1442 1395 1473 1427 6.
1511 1394 1562 1435 Cf.
1583 1394 1741 1426 Gor-esen.

255 1453 382 1490 v.ul1·›
1043 1448 1230 1494 Ausspr.1
1256 1452 1297 1483 51
1323 1448 1357 1483 II
1384 1450 1461 1482 166

212 1510 391 1559 Sipharus
407 1516 500 1545 reete
517 1511 679 1544 ser-ibitur
693 1520 760 1552 pro
777 1515 960 1553 supparus
995 1506 1220 1550 Veriloquus
1247 1516 1284 1551 p.
1310 1508 1354 1540 49
1378 1516 1410 1540 v.
1440 1509 1492 1540 17.

255 1580 293 1615 p.
319 1570 363 1604 97
387 1578 421 1602 v.
450 1570 502 1602 10.
996 1562 1217 1599 Vetusculus
1241 1574 1277 1607 p.
1307 1565 1368 1598 151
1395 1573 1427 1596 v.
1454 1565 1486 1597 8.

213 1625 331 1672 Spero
356 1637 428 1660 cum
444 1625 627 1658 indicativo
644 1624 741 1657 modo
765 1625 830 1666 p.7
848 1619 957 1656 mult.
994 1619 1120 1666 Ungui
1142 1631 1209 1664 pro
1235 1618 1327 1663 ungi
1350 1630 1384 1663 p.
1415 1621 1478 1653 141
1504 1630 1536 1653 v.
1563 1621 1601 1661 63
1626 1629 1660 1663 p.
1678 1622 1745 1654 220

212 1681 348 1728 Strepo
373 1693 444 1716 cum
468 1692 584 1715 accus.
600 1691 671 1714 eas.
690 1679 733 1722 (⁴?)
756 1689 792 1724 p.
809 1681 852 1713 48
877 1689 909 1712 v.
926 1681 960 1713 3.
1040 1689 1073 1713 v.
1100 1681 1133 1712 3.

213 1737 361 1774 structe
386 1740 407 1773 ἰ.
435 1749 466 1772 e.
493 1735 624 1771 ornate
654 1746 692 1780 p.
720 1737 785 1770 114
808 1745 842 1768 v.
869 1738 901 1770 3.
995 1733 1122 1779 Usque
1146 1732 1243 1768 isssuo
1266 1744 1302 1778 p.
1332 1735 1397 1767 100
1427 1743 1460 1766 v.
1491 1734 1531 1766 18
1557 1744 1575 1766 e
1599 1733 1742 1767 Catone.

214 1794 355 1831 Studeo
386 1807 458 1829 cum
487 1805 560 1829 aec.
596 1805 677 1828 casu
712 1803 748 1838 p.
778 1795 842 1827 156
866 1802 899 1826 v.
927 1794 957 1826 5.
994 1790 1110 1826 Usum
1126 1788 1401 1825 scribtitantem
1422 1801 1488 1833 pro
1507 1799 1613 1824 usum
1630 1787 1742 1823 serib-

260 1849 404 1887 Studivi
435 1862 471 1896 p.
499 1852 542 1885 68
571 1861 605 1884 v.
631 1853 663 1885 3.
720 1850 792 1884 Sed
828 1846 961 1883 studui
1040 1845 1179 1882 tit-andi
1203 1847 1246 1890 (?)
1271 1857 1306 1891 p.
1336 1849 1399 1882 179
1424 1858 1457 1880 v.
1484 1845 1547 1880 ult.

846 2007 1111 2014 ——-———

590 2135 671 2185 VI.
735 2135 893 2184 ‘Index
937 2133 1394 2198 OrbhographiCUS.‘

216 2250 275 2286 Ad
307 2255 423 2286 servat
453 2248 478 2283 d
507 2251 705 2294 saepissime
734 2246 773 2282 in
802 2249 967 2291 composi-
1000 2244 1060 2280 Ad
1083 2257 1148 2290 pro
1174 2244 1215 2280 at
1237 2254 1274 2289 p.
1299 2246 1330 2278 7.
1365 2245 1494 2278 Contra
1517 2254 1554 2288 p.
1583 2246 1635 2278 73.
1674 2241 1747 2276 Ad-

265 2308 411 2343 tionibus
435 2319 464 2341 υ.
489 2318 543 2351 9r.
576 2303 793 2347 adscensus,
819 2302 966 2339 adcom-
1049 2311 1120 2346 que
1155 2314 1224 2346 pro
1254 2299 1367 2344 atque
1403 2302 1457 2334 60.
1491 2301 1546 2334 63.
1579 2302 1633 2333 96.
1672 2302 1744 2333 149.

263 2361 429 2406 medere,
446 2360 632 2404 adfabilis,
655 2359 788 2403 adfari,
805 2359 965 2402 adfatus,
1047 2361 1193 2403 Saepius
1218 2364 1327 2392 tamen
1353 2357 1476 2400 atque.
1514 2358 1569 2399 Cf.
1589 2358 1746 2390 Cor-seen.

263 2419 502 2464 adgnoscere,
527 2415 742 2462 adpingere,
767 2414 966 2461 adpropin-
1046 2417 1195 2459 Ausspr.
1222 2414 1237 2448 I
1261 2425 1297 2459 p.
1324 2416 1401 2448 375.

265 2486 392 2521 quare,
409 2473 604 2519 adrogare,
621 2471 787 2517 adsequi,
801 2470 966 2514 adsidue,
1001 2470 1185 2508 Adsiduus
1206 2482 1274 2515 pro
1299 2467 1468 2504 assiduus
1493 2480 1528 2513 p.
1548 2472 1603 2511 23,
1628 2474 1749 2503 eontra

264 2532 459 2574 adtamen,
496 2528 749 2575 adtemptare,
785 2527 965 2570 adtinere,
1048 2530 1188 2562 Caecilii
1203 2531 1237 2560 ee
1258 2527 1429 2560 Victor-im·
1438 2526 1639 2559 sententiam
1655 2528 1750 2569 apud

266 2588 493 2630 adtribuere,
510 2586 711 2633 adponere.
737 2587 817 2620 Hoc
828 2590 970 2630 postre-v
1047 2585 1242 2618 Pulso-Mum
1265 2593 1302 2627 p.
1329 2583 1428 2618 2318.
1456 2583 1555 2615 2457.

266 2659 348 2682 mum
372 2648 502 2680 doeerte
522 2645 684 2688 praefert
710 2644 868 2677 Isidorus
893 2644 966 2675 loeo
1002 2641 1056 2675 Ae
1074 2642 1192 2675 vitiose
1214 2650 1281 2682 pro
1299 2647 1330 2680 e,
1353 2636 1616 2681 interpraetor,
1641 2647 1747 2682 prae-

265 2705 361 2746 insra
385 2703 535 2737 citando.
575 2701 698 2735 Tamen
721 2701 844 2743 legitur
868 2699 968 2732 etiam
1049 2706 1128 2738 cor,
1164 2704 1328 2741 praeces.
1377 2696 1508 2727 Contra
1538 2703 1558 2726 e
1587 2705 1654 2737 pro
1692 2704 1747 2734 ae,

267 2756 550 2795 accommodare
588 2767 625 2802 p.
657 2758 720 2798 84,
761 2752 967 2799 appingere
1012 2798 1015 2803 .
1049 2762 1203 2787 erumna
1226 2763 1261 2796 p.
1288 2754 1367 2793 203,
1391 2759 1493 2791 cena,
1518 2759 1662 2792 cenare,
1686 2754 1750 2785 sed

267 2828 303 2862 p.
332 2818 413 2858 152,
443 2813 579 2849 attinet
608 2823 645 2859 p.
674 2814 748 2847 153.
804 2812 891 2846 Item
914 2809 968 2845 αὑ·
1049 2819 1165 2845 caena
1187 2820 1223 2853 p.
1246 2810 1319 2842 119.
1370 2808 1448 2842 Viti.
1475 2807 1635 2842 Corssen.
1664 2807 1746 2840 Bei-

267 2870 497 2918 propinquat
523 2882 560 2916 p.
586 2871 631 2904 40
654 2880 709 2914 pr.
736 2879 784 2903 m.
1049 2870 1147 2911 trdye
1170 2876 1206 2910 p.
1232 2866 1310 2899 455.
1359 2865 1446 2898 leem
1469 2868 1590 2898 contra
1613 2873 1747 2898 scaena
