1968 3158
532 167 598 205 AD
623 167 672 204 M.
693 166 952 203 CAESAREM
975 166 1039 202 ΕΤ
1065 165 1270 202 INVICEM
1294 164 1439 202 LIBER.
1461 164 1505 200 V.
1740 164 1795 207 85

531 328 723 373 XXXI.
755 328 831 372 46.
877 327 1110 382 Magistro
1140 327 1242 371 Meo
1274 324 1509 371 Salutem.

362 421 422 465 Et
451 422 557 478 „ipse
602 435 805 477 prospere
850 419 908 462 sis
952 419 1175 475 ingressus
1221 432 1397 460 annum.
1463 417 1602 460 Omne
1647 418 1793 459 votum

246 494 371 534 tuum
401 491 469 534 dei
507 490 588 532 tibi
627 489 681 532 ad
724 503 850 531 usum
879 490 1023 542 tuum,
1075 488 1149 543 qui
1192 488 1340 529 noster
1374 486 1488 528 idem
1519 486 1614 541 erit,
1648 486 1793 528 dever-

247 562 392 614 tant³;
444 561 573 615 atque
605 560 653 600 ut
681 556 791 599 facis
829 570 906 612 pro
939 555 1138 612 amil¹cis
1169 555 1279 597 bene
1309 557 1446 611 optes,
1499 554 1652 597 ceteris
1683 554 1793 596 bene

250 628 366 671 velis.
408 627 526 678 Quae
555 641 634 683 pro
664 641 732 668 me
753 626 981 681 praecatus
1003 638 1062 679 es,
1095 623 1183 666 scio
1214 626 1257 665 te
1287 626 1550 679 praecatum.
1591 622 1713 673 Quod
1743 623 1794 664 a2'

247 697 376 740 turba
408 696 573 750 cavisti,
614 694 695 736 tibi
726 696 770 736 et
799 707 919 736 meae
960 707 1086 735 curae
1118 692 1385 735 consuluisti.
1447 691 1643 742 Quietius
1680 691 1794 733 idem

247 766 323 808 fiet
351 763 568 821 perendie,
602 763 637 805 si
668 762 736 814 dei
767 766 864 805 dent
887 795 895 804 .
922 761 1096 805 Gratia-⁹»
1117 763 1193 803 tua
1222 761 1365 803 officio
1395 761 1548 803 functa
1579 762 1656 802 est.
1708 759 1793 802 Ne—

247 833 340 876 scio>
376 848 433 875 an
463 836 677 875 Dominam
715 845 836 873 suam
874 830 1140 872 salutaverit.
1200 828 1310 871 Vale
1340 829 1400 871 mi
1431 828 1675 871 dulcissime
1706 843 1793 870 ma-

247 902 396 958 gister.
457 901 599 944 Mater
629 914 724 942 mea
754 901 798 942 te
829 898 1003 941 salutat.

644 1013 866 1058 XXXII.
898 1012 974 1056 47.
1018 1011 1252 1067 Magistro
1281 1010 1400 1055 Meo.

360 1107 420 1150 Et
449 1121 567 1150 nunc
589 1121 719 1149 sanus
739 1107 783 1149 et
803 1105 1005 1161 deinceps
1026 1104 1206 1159 validus,
1226 1103 1380 1159 laetus,
1406 1116 1577 1158 compos
1600 1104 1792 1145 omnium

246 1179 442 1219 votorum
464 1175 595 1232 agas⁴
618 1175 730 1218 diem
750 1174 956 1230 natalem,
989 1173 1049 1215 mi
1076 1172 1306 1229 magister3
1328 1187 1437 1228 quae
1458 1187 1553 1214 mea
1573 1173 1793 1227 praecatio

248 1244 467 1287 sollemnis
498 1258 667 1300 semper
706 1243 872 1286 auctior
901 1243 964 1298 fit,
1012 1243 1174 1298 quanto
1219 1241 1360 1297 magis
1403 1240 1569 1283 accedit
1608 1242 1651 1282 et
1685 1240 1793 1282 mihi
1858 1295 1862 1297 ‚

246 1313 429 1357 firmitas
467 1313 520 1355 ad
558 1311 862 1369 deligendum⁵
906 1313 951 1354 et
994 1313 1113 1354 aetas
1165 1309 1443 1353 suavissimae
1480 1309 1793 1351 familiaritatis

245 1384 432 1426 nostrae.
492 1381 600 1425 Vale
630 1383 691 1424 mi
711 1380 928 1444 'magister
957 1379 1264 1423 iucundissime
1294 1377 1414 1420 mihi.
1451 1377 1593 1420 Mater
1623 1392 1719 1420 mea
1749 1380 1793 1420 te

247 1452 420 1494 salutat.
482 1450 659 1494 Gratiae
689 1450 873 1492 salutem
903 1449 1010 1492 diess.

621 1563 870 1609 XXXIII.
902 1563 979 1608 48.
1027 1562 1250 1620 [Domino
1280 1561 1416 1618 Mem]

324 1709 330 1712 .
363 1657 665 1713 Quaecumque
703 1655 810 1698 mihi
847 1654 1079 1714 prae[cari]
1116 1658 1257 1697 solitus
1286 1667 1373 1696 sum
1384 1653 1413 1708 ⁷,
1454 1653 1502 1694 in
1540 1654 1616 1694 tua
1654 1651 1792 1693 salute

248 1728 391 1770 locata
420 1729 543 1768 sunt:
583 1725 690 1767 mihi
729 1724 916 1779 sanitas,
956 1724 1071 1766 bona
1102 1722 1320 1777 valetudo,
1366 1721 1547 1776 laetitia,
1596 1735 1663 1762 res
1697 1734 1792 1776 pro—

249 1810 399 1852 sperae
429 1809 550 1837 meae
580 1794 642 1836 ibi
680 1795 803 1848 sunt,
846 1808 942 1835 cum
972 1795 1021 1835 tu
1058 1805 1255 1847 corpore,
1290 1790 1454 1845 animo,
1494 1804 1664 1831 rumore
1701 1791 1794 1830 tam

247 1864 454 1907 incolumi
484 1863 640 1918 uteris,
672 1864 763 1904 tam
794 1876 916 1904 carus
947 1860 1076 1916 patri,
1108 1862 1199 1902 tam
1229 1859 1364 1901 dulcis
1395 1858 1538 1913 matri,
1574 1859 1666 1899 tam
1696 1872 1794 1899 san-

251 1935 344 1976 ctus
374 1932 510 1987 uxori,
549 1933 641 1973 tam
676 1931 806 1973 fratri
835 1931 973 1972 bonus
1013 1944 1063 1971 ac
1093 1928 1323 1984 benignus.
1384 1926 1506 1969 Haec
1545 1928 1647 1968 sunt
1684 1940 1793 1982 quae

248 2017 317 2044 me
349 2016 446 2044 cum
500 2000 608 2042 hac8
660 1999 906 2042 valetudine
959 2001 1106 2041 tamen
1153 1997 1397 2052 cupientem
1445 1995 1560 2038 vitae
1609 1995 1791 2037 faciunt.

249 2070 426 2126 Apsque
456 2071 513 2125 te,
554 2068 684 2111 satis9
716 2067 781 2124 su!
799 2067 829 2094 ¹⁰
839 2082 1000 2123 perque
1032 2068 1075 2109 et
1099 2066 1254 2108 aetatis
1286 2067 1330 2107 et
1358 2064 1518 2107 laboris
1550 2065 1593 2106 et
1623 2063 1729 2105 artis
1751 2065 1794 2105 et

364 2217 386 2242 a
411 2209 455 2241 In
480 2209 647 2251 maryine:
674 2205 792 2241 Omne
817 2205 946 2241 votum
970 2225 1014 2229 —
1040 2203 1248 2239 devertant.

297 2370 302 2377 ⁸
365 2336 381 2367 1
408 2331 544 2378 Incipit
569 2331 658 2370 Cod.
683 2331 770 2367 Vat.
796 2343 832 2377 p.
852 2334 907 2367 94.

364 2389 490 2425 2-Del.
517 2400 588 2424 sec
614 2400 663 2424 m.
718 2388 806 2423 Mox
830 2400 886 2434 pr.
913 2400 962 2424 m.
989 2391 1131 2434 quietus.
1194 2390 1196 2392 '

363 2450 384 2482 3
409 2446 572 2481 Tantum
596 2445 708 2491 spatii
733 2446 789 2480 est
811 2445 851 2479 in
876 2443 1012 2480 Codice
1038 2443 1267 2480 oblitterato.
1311 2445 1438 2478 Maius.

363 2506 385 2537 4
411 2502 553 2537 Codex.
578 2507 695 2548 magis.
746 2500 916 2538 Correxit
938 2501 1069 2536 Maius.

365 2563 385 2595 5
410 2559 469 2594 Ita
493 2557 628 2595 Codex
678 2558 882 2594 Praeterea
905 2558 1090 2604 Hauptius
1115 2557 1265 2593 coniicit
1285 2560 1525 2601 familiaritati.

364 2621 385 2653 6
409 2615 504 2652 Exin
526 2614 611 2662 legi*
626 2615 818 2660 nequeunt
842 2615 914 2650 duo
939 2614 1129 2650 breviores
1154 2613 1335 2650 versiculi.
1384 2616 1512 2650 Manes.

366 2678 385 2710 7
411 2673 575 2709 Tantum
605 2673 682 2708 fere
714 2670 826 2717 spatii
856 2672 911 2707 est
946 2672 985 2707 in
1016 2671 1151 2707 Codice
1190 2670 1420 2707 oblitterato.
1464 2672 1592 2706 Maias.
1647 2669 1790 2704 Tamen

251 2732 408 2767 fortasse
433 2729 570 2766 rectius
595 2728 827 2774 Schopenus:
852 2735 1042 2774 praecatus
1068 2742 1114 2764 es.

365 2791 385 2823 8
411 2786 552 2823 Codex:
577 2785 722 2829 HAEC,
748 2785 812 2820 sed
837 2785 978 2831 aliquid
1003 2785 1228 2831 expunctum
1252 2784 1410 2820 videtur.

366 2849 386 2880 9
412 2843 500 2880 Cod.
525 2856 581 2889 pr.
608 2855 655 2878 m.
682 2846 790 2878 salcis.

346 2906 387 2938 10
410 2900 546 2947 Incipit
570 2899 658 2937 Cod.
685 2900 769 2936 Vat.
797 2913 832 2946 p.
852 2904 906 2937 93.
