1968 3158
672 168 734 205 DE
760 168 912 205 BELLo
938 168 1193 205 PAR'HHCO.
1618 169 1700 212 217

461 422 554 478 (Μ.
586 422 946 479 CORNELII
978 424 1408 480 FRON'role

564 538 649 587 DE
684 537 888 587 BELLO
923 538 1240 587 PARTffloo
1256 536 1305 601 ¹.)

286 680 476 694 .....
511 652 628 692 Mars
660 649 871 706 {²tamecsi
897 650 1050 706 genuit
1080 650 1533 710 genten1R01nana1n,
1567 664 1702 706 aequo

170 718 314 761 animo
343 718 508 775 patitur
536 718 681 778 fatisci
710 731 788 760 nos
819 718 1035 761 interdum
1067 720 1109 761 et
1144 718 1245 775 pelh
1277 720 1320 760 et
1352 718 1578 761 volnerari.
1631 718 1701 760 An

171 787 399 829 cunctetur
429 786 479 828 de
509 785 718 828 militibus
749 786 908 828 nostris
939 786 1055 829 Mars
1086 789 1210 842 pater
1239 786 1313 829 illa
1345 786 1519 829 dicere?

173 869 260 918 qu
288 879 379 909 cum
407 870 546 918 qenai,
579 873 661 908 tum
692 870 910 909 morituros
939 871 1042 910 scivi
1068 871 1166 910 etei
1192 870 1256 909 rei
1283 870 1439 909 sustuli.

169 937 392 976 Praeterea
411 948 501 977 cum
523 934 592 976 in³
613 934 775 976 terrae⁴
797 938 930 978 orbem
950 935 1064 978 misi⁵
1086 938 1133 978 ob
1157 937 1458 987 defendendum
1475 939 1697 988 imperium,

169 1004 332 1045 Scibam
361 1016 424 1044 me
454 1007 494 1044 in
525 1004 745 1054 mortifera
775 1006 891 1054 bella,
925 1016 1005 1046 non
1037 1008 1077 1046 in
1107 1008 1251 1057 epulas
1279 1007 1436 1047 mittere
1445 1004 1474 1046 ⁶.

284 1081 404 1124 Haee
442 1082 572 1124 verba
601 1081 777 1124 Telamo
813 1082 1001 1125 Troiano
1038 1083 1150 1126 bello
1190 1083 1241 1125 de
1279 1084 1366 1125 suis
1396 1082 1542 1125 liberis
1574 1083 1701 1125 semel

170 1149 362 1192 elocutus
392 1152 478 1205 est3
509 1149 626 1193 Mars
657 1151 708 1193 de
738 1150 947 1193 Romanis
977 1165 1104 1207 saepe
1133 1151 1364 1207 multisque
1394 1151 1439 1193 in
1469 1151 1593 1193 bellis
1623 1150 1704 1192 hoe

173 1218 364 1261 carmine
395 1233 496 1260 usus
518 1220 603 1261 est:
635 1218 828 1261 Gallicoa
859 1218 972 1261 bello
1003 1219 1115 1275 apud
1136 1219 1311 1274 Alliam,
1345 1219 1562 1262 Samnite⁷
1594 1218 1703 1261 bello

170 1286 285 1342 apud
316 1284 539 1342 Caudium,
578 1286 743 1329 Punico
781 1287 834 1329 ad
850 1287 1051 1342 Cannas,
1092 1287 1329 1343 Hispanico
1368 1287 1483 1343 apud
1513 1286 1703 1329 Numan-

170 1353 298 1409 tiam,
345 1353 604 1411 Iugurthino
642 1355 756 1411 apud
795 1355 980 1410 Cirtam,
1030 1355 1234 1398 Parthico
1282 1355 1335 1398 ad
1381 1354 1586 1398 Carrhas:
1631 1355 1702 1398 sed

171 1414 340 1477 semper
378 1423 422 1464 et
458 1422 616 1479 ubique
654 1434 882 1466 aerumnas
914 1423 1080 1466 adoris8
1117 1426 1385 1479 terroresque
1422 1425 1592 1466 nostros
1629 1423 1703 1466 tri-

170 1488 342 1545 umphis
374 1491 665 1533 eommutavit.
706 1502 713 1510 ·

285 1556 369 1600 Sed
405 1573 460 1600 ne
497 1559 627 1601 nimis
656 1561 800 1602 vetera
839 1561 925 1602 alte
945 1557 1114 1615 petam,
1150 1562 1314 1602 vestrae
1345 1559 1536 1602 familiae
1567 1574 1703 1602 exem-

171 1625 254 1681 plis
283 1627 395 1668 utar.
457 1625 634 1669 Traiani
664 1628 812 1683 proavi
842 1628 974 1670 vestri
1004 1629 1134 1670 ductu
1172 1627 1446 1683 auspicioque
1484 1642 1627 1669 nonne
1656 1628 1701 1671 in

171 1688 308 1736 Dacia
339 1696 489 1749 eaptus
529 1694 595 1737 vir
633 1695 948 1738 consularis?'‘⁹
1009 1695 1165 1738 Nonne
1203 1711 1228 1737 a
1258 1695 1430 1737 Parthis
1469 1695 1703 1738 consularis

172 1777 304 1818 aeque
334 1762 400 1804 vir
419 1762 466 1805 in
487 1762 798 1819 Mesopotamia
826 1763 1065 1806 trucidatus
1078 1763 1146 1806 ¹⁰⁸?
1174 1763 1316 1814 Quid?
1346 1778 1426 1806 avo
1456 1766 1596 1807 vestro
1618 1763 1703 1806 Ha-

287 1933 310 1958 a
333 1924 378 1957 ln
402 1925 569 1968 maryz‘ne:
607 1921 747 1965 Quibus
772 1922 879 1958 bellis
904 1922 1065 1958 Romani
1088 1923 1228 1959 malam
1252 1934 1419 1969 pugnam
1442 1923 1700 1968 pugnaverint.

286 1979 311 2014 b
337 1981 382 2014 In
405 1983 572 2024 maryz‘ne:
598 1978 699 2023 Quos
724 1979 836 2016 duces
861 1979 1044 2016 Traianus
1070 1979 1248 2016 amiserit.

289 2099 305 2129 1
330 2093 412 2129 Hoc
436 2093 652 2139 opuseulum
682 2093 758 2129 sive
787 2093 986 2139 epistulam
1015 2093 1163 2140 scripsit
1191 2093 1332 2129 Fronto
1365 2093 1414 2129 ad
1443 2093 1491 2128 M.
1515 2093 1703 2129 Aurelium

172 2151 260 2197 post
283 2149 428 2186 cladem
453 2161 566 2195 quam
590 2161 612 2185 a
636 2150 784 2186 Parthis
813 2150 915 2196 passi
946 2151 1054 2187 erant
1078 2149 1238 2186 Romani
1269 2150 1355 2186 ante
1379 2150 1419 2185 L.
1446 2150 1535 2185 Veri
1559 2150 1702 2195 expedi-

173 2207 324 2244 tionem.
374 2206 430 2243 De
460 2218 500 2242 re
531 2206 667 2242 videsis
698 2206 806 2242 Dion.
831 2207 956 2243 LXXI.
984 2212 1004 2242 2
1036 2208 1074 2243 et
1099 2206 1298 2253 Capitolin.
1323 2207 1360 2242 in
1385 2206 1470 2244 Ver.
1496 2211 1527 2241 6.
1581 2209 1701 2242 Maius.

286 2268 307 2299 2
331 2263 467 2309 Incipit
491 2262 579 2299 Cod.
606 2275 642 2309 p.
669 2267 746 2300 236.
796 2264 846 2299 Ut.
869 2263 907 2299 in
932 2263 1076 2300 incerta
1100 2275 1140 2300 re
1167 2263 1401 2300 Heindorfius
1431 2264 1589 2300 mavult:
1636 2263 1704 2306 Qui

95 2341 99 2346 ·
173 2321 263 2357 deus
286 2321 422 2356 tantam
442 2324 560 2366 {senuit
581 2327 712 2365 gentem
737 2323 830 2357 Rom.

288 2381 309 2412 3
334 2375 475 2412 Codex:
502 2379 555 2412 ob.

288 2436 310 2468 4
335 2433 395 2467 Ita
419 2431 568 2479 Codexz,
585 2439 715 2468 terrae.

289 2493 310 2525 5
334 2487 474 2524 Codex:
499 2492 602 2525 missi.

289 2549 309 2580 6
334 2544 387 2581 Cf.
413 2545 574 2580 Ennium
599 2545 699 2591 apud
724 2545 797 2581 Cic.
824 2546 930 2582 Tusc.
957 2547 1020 2582 ΙΙΙ.
1050 2551 1101 2582 13.
1128 2550 1182 2581 28.
1414 2591 1417 2594 ι

290 2606 309 2638 7
334 2602 393 2637 Ita
417 2601 506 2638 Cod.
532 2614 586 2648 pr.
614 2614 681 2646 m.;
706 2601 795 2647 quid
820 2602 942 2638 altera
966 2603 1185 2648 corrigatur,
1210 2613 1283 2638 non
1308 2604 1476 2648 apparet.

288 2663 310 2695 8
334 2659 392 2694 Ita
416 2658 550 2694 Codex.

290 2719 312 2752 9
335 2714 506 2760 Intellige
541 2715 749 2761 Longinum
786 2727 809 2751 a.
838 2715 948 2752 Dacis
988 2716 1156 2762 captum,
1193 2716 1239 2751 de
1265 2722 1339 2761 q'uo
1366 2716 1435 2751 Dio
1460 2716 1624 2752 LXVIII.
1652 2721 1703 2752 12.

178 2775 305 2809 Maiae.
352 2771 475 2807 Adeas
504 2771 748 2808 Niebuhrium
778 2783 934 2817 quoque.

272 2833 313 2864 10
335 2827 529 2873 Maximus,
553 2828 599 2865 de
617 2839 690 2874 quo
707 2829 778 2866 Dio
794 2828 955 2865 LXVIII.
975 2834 1038 2873 30,
1064 2829 1192 2866 consul
1217 2828 1286 2865 fuit
1311 2840 1394 2866 cum
1418 2828 1580 2866 Traiano
1606 2841 1703 2866 anuo

178 2886 280 2923 urbis
305 2888 381 2921 856.
431 2887 558 2921 Maius.
