1968 3158
233 167 380 197 XXXI‘V
810 143 1184 180 PROLEGOMENA.

234 266 453 322 disposuit.
515 263 666 304 Eidem
687 258 950 312 Ecksteinio,
983 257 1202 312 philologo
1233 256 1513 311 nobilissimo,
1545 259 1681 299 restat
1709 260 1761 299 ut

234 336 341 377 bene
371 331 551 374 merenti
581 329 732 370 lubens
763 326 926 381 gratias
959 333 1116 379 383111.Γ
1159 322 1240 372 Qui
1271 338 1402 378 quum
1423 323 1541 366 ‘forte
1573 325 1763 366 audisset

234 416 300 443 me
330 401 590 441 Frontonem
621 396 833 437 editurum
865 407 976 447 esse,
1009 394 1058 433 ut
1087 391 1296 433 Frontoni
1325 391 1547 446 prodesset
1575 394 1619 434 et
1647 392 1763 434 viros
1799 412 1802 413 ⁷

234 470 377 510 doctos
408 465 641 521 obligaret,
675 477 776 503 nam
806 475 874 502 me
905 460 1075 515 quidem
1105 473 1194 500 non
1223 461 1423 513 noverat,
1455 458 1569 501 ultro
1599 461 1764 515 recepit

232 534 452 590 negotium
474 530 740 586 singulorum
759 529 959 570 foliorum
980 526 1218 582 specimina
1233 526 1553 568 accuratissime
1572 527 1760 582 legendi.

231 670 352 710 litate
384 666 632 720 accesserit,
666 678 746 720 ego
777 664 878 718 scio,
913 662 986 704 sed
1015 662 1197 704 lectores
1226 663 1374 703 tamen
1406 661 1615 717 suspicari
1644 663 1764 717 pote-

231 738 344 777 runt.
387 734 522 789 Saepe
559 747 626 774 me
663 732 838 774 comiter
871 730 1094 771 admonuit
1124 730 1174 771 de
1206 743 1347 771 errore
1376 729 1445 771 vel
1471 729 1764 785 negligentia3

232 817 357 858 saepe
387 801 596 843 indicavit
626 800 811 842 virorum
850 798 1072 840 doctorum
1102 797 1445 850 emendationes,
1487 811 1596 852 quae
1636 796 1762 839 amici

231 870 314 912 mei
345 869 617 924 diligentiam
655 869 697 909 et
726 881 866 908 meam
896 865 1158 921 effugerant3
1196 864 1355 906 multas
1394 877 1560 919 quoque
1596 879 1764 906 mecum

233 937 562 980 communicavit
601 934 918 979 emendationes
964 935 1006 975 et
1045 933 1241 975 doctrina
1278 934 1321 974 et
1358 932 1525 988 ingenii
1567 932 1766 974 acumine

232 1006 439 1061 insignes.
483 1004 604 1047 Sicut
625 1017 704 1058 ego
725 1001 934 1043 maximas
954 1001 1206 1043 Ecksteinio
1228 1014 1310 1056 ago
1330 1000 1552 1055 habeoque
1582 1000 1762 1055 gratias,

231 1073 359 1114 velim
388 1073 568 1114 lectores
600 1085 764 1125 quoque
794 1069 997 1111 habeant.

344 1140 513 1182 Indices
543 1153 647 1194 quos
679 1137 842 1192 addidi,
875 1137 980 1178 Maii
1012 1139 1126 1178 sunt.
1188 1136 1419 1178 Praeterea
1448 1136 1496 1177 in
1525 1135 1611 1177 fine
1640 1134 1763 1176 tabu—

231 1208 318 1249 lam
347 1207 538 1250 invenies
559 1207 605 1248 in
626 1220 709 1261 qua
731 1205 998 1260 superiorum
1022 1205 1258 1247 editionum
1288 1203 1476 1259 paginae
1499 1217 1595 1245 cum
1614 1204 1766 1244 nostra

234 1277 558 1330 componuntur.
1571 1275 1573 1277 ’

574 1428 1028 1474 TESTIMONIA
1078 1429 1423 1473 VETERUM

774 1509 853 1552 DE
883 1508 1217 1553 FRONTONE.

591 1601 639 1635 M.
666 1600 882 1636 Aurelius
914 1600 964 1636 de
988 1599 1140 1635 Rebus
1166 1598 1266 1634 Suis
1291 1599 1318 1642 Ι
1346 1602 1398 1633 11.

334 1670 470 1739 Παρὰ
500 1670 782 1724 Φρόντωνος,
815 1670 865 1712 τὸ
897 1669 1109 1720 ἐπιςτῆςαι
1141 1668 1212 1710 οἵα
1241 1668 1267 1719 ἡ
1297 1668 1528 1719 τυραννικὴ
1563 1665 1765 1719 βαςκανία

236 1727 303 1768 καὶ
325 1726 539 1778 ὑπόκριςις
569 1728 636 1768 καὶ
668 1726 734 1769 ὅτι
765 1726 825 1769 ὡς
857 1726 1015 1768 ἐπίπαν
1047 1725 1089 1767 o‘t
1109 1724 1367 1776 καλούμενοι
1398 1722 1518 1766 οὗτοι
1538 1723 1646 1775 παρ’
1667 1723 1764 1774 ἡμῖν

236 1783 503 1835 Εὐπατρίδαι,
535 1782 839 1836 ἀςτοργότεροί
870 1797 965 1825 πως
996 1781 1107 1825 εἰςιν.

727 1872 811 1908 Dio
845 1871 1030 1907 Cassius
1055 1870 1182 1915 LXIX,
1210 1874 1263 1905 18.

348 1942 582 1993 Κορνήλιος
621 1941 832 1994 Φρόντων
871 1941 896 1983 ὁ
934 1941 986 1983 τὰ
1025 1943 1177 1992 πρῶτα
1206 1943 1294 1982 τῶν
1331 1939 1429 1981 τότε
1460 1937 1684 1990 Ρωμαίων
1717 1937 1764 1980 ἑν

233 1997 364 2040 δίκαις
403 1998 666 2051 φερόμενος,
706 1998 886 2050 ἑςπέρας
925 1998 1034 2040 ποτε
1073 1996 1241 2050 βαθείας
1278 1995 1365 2037 ἀπὸ
1403 1994 1580 2038 δείπνου
1619 1993 1764 2036 οικαδε

236 2054 425 2096 ἐπανιὼν
458 2054 525 2095 καὶ
556 2056 703 2106 μαθὼν
735 2055 853 2107 παρά
883 2068 1012 2108 τινος,
1046 2054 1081 2109 ᾧ
1114 2052 1414 2104 ςυνηγορήςειν
1446 2050 1673 2102 ὑπέςχητο,
1705 2053 1764 2092 δι-

233 2110 373 2154 κάζειν
405 2111 556 2164 αὐτόν,
597 2111 644 2154 ἕν
684 2125 728 2154 τε
759 2115 809 2166 τῇ
842 2113 969 2166 ςτολῇ
1001 2114 1051 2165 τῇ
1083 2109 1325 2162 δειπνίτιδι,
1369 2107 1510 2158 ὥςπερ
1542 2106 1679 2159 εἶχεν
1719 2107 1764 2148 ἐς

233 2167 282 2208 τὸ
314 2167 576 2219 δικαςτήριον
609 2167 742 2210 αὐτοῦ
773 2168 923 2219 ἐςῆλθε
946 2167 1014 2209 καὶ
1034 2167 1274 2219 ἠςπάςατο,
1308 2165 1401 2208 οὔτι
1421 2177 1470 2214 γε
1500 2167 1561 2219 τῷ
1594 2163 1763 2217 ἑωθινῷ

233 2224 513 2277 προςρήματι,
546 2228 606 2278 τῷ
638 2227 778 2276 χαῖρε
818 2225 929 2267 ἀλλὰ
959 2228 1020 2279 τῷ
1053 2198 1285 2277 {cneplvsp⁷‚
1324 2225 1386 2277 τῷ
1417 2219 1578 2270 ὑγίαινε
1609 2220 1764 2272 χρηςά-

233 2293 371 2331 μενος.

822 2336 943 2372 Idem
967 2335 1094 2379 LXXI,
1119 2339 1173 2370 35.

348 2404 594 2455 Πάμπολλα
633 2404 719 2446 ὑπὸ
758 2405 951 2447 παιδείας
989 2403 1213 2457 ὠφελήθη,
1247 2402 1294 2445 ἕν
1324 2403 1491 2444 τετοῑς
1523 2401 1764 2453 ῥητορικοῖς

234 2461 280 2503 ἕν
310 2473 356 2502 τε
385 2474 474 2502 τοις
505 2460 550 2502 ἐκ
580 2461 841 2514 φιλοςοφίας
881 2461 1027 2511 λόγοις
1066 2458 1274 2511 ἀςκηθείς·
1323 2461 1412 2501 τῶν
1451 2459 1526 2509 μὲν
1565 2457 1648 2508 γὰρ
1685 2457 1763 2499 τόν

233 2530 278 2558 τε
309 2516 549 2568 Φρόντωνα
588 2518 665 2560 τὸν
702 2518 938 2570 Κορνήλιον
978 2518 1045 2559 καὶ
1082 2517 1160 2558 τὸν
1199 2516 1393 2568 Ἡρώδην
1431 2515 1511 2556 τὸν
1553 2513 1763 2556 Κλαύδιον

234 2573 509 2615 διδαςκάλους
539 2573 645 2625 εἰχε
675 2577 762 2617 τῶν
795 2575 841 2616 δὲ
871 2574 951 2617 κτὲ.
1220 2596 1223 2598 >

607 2652 927 2687 Artemidorus
953 2651 1004 2686 de
1031 2650 1225 2686 Somniis
1250 2649 1389 2693 1V‚·24.

348 2718 418 2760 Ὡς
455 2719 522 2759 καὶ
560 2720 770 2786 Φρόντων
811 2720 835 2761 ὁ
868 2720 1106 2772 ἀρθριτικός
1141 2718 1374 2771 θεραπείαν
1404 2715 1584 2767 αἰτήςας,
1615 2715 1763 2758 ἔδοξεν

237 2773 283 2816 ἐν
304 2776 393 2816 τοῖς
413 2776 678 2825 προαςτείοις
709 2778 956 2827 περιπατεῖν
986 2776 1053 2818 καὶ
1083 2775 1346 2827 πυρπολήςει
1375 2771 1638 2825 χρηςάμενος
1659 2784 1764 2824 παρ-

236 2830 425 2889 ηγορήθη
455 2831 631 2873 ἱκανῶς·
663 2832 723 2874 ὡς
751 2832 845 2875 ι’ςον
878 2832 988 2875 εἶναι
1018 2833 1068 2874 τὸ
1099 2834 1238 2884 χρῆμα
1268 2829 1482 2883 θεραπείᾳ.
