1968 3158
327 158 406 199 138
524 157 571 191 M.
592 155 818 191 CORNELII
843 155 1119 191 FRONTONIS
1144 157 1293 193 EPIST.
1320 158 1385 193 AD
1410 159 1579 195 VERUM
1603 160 1645 195 11.

437 269 546 319 Quid
566 268 731 324 igitur?
761 269 862 323 quid
882 269 1088 324 inquam?
1111 273 1210 312 νΝέεῖ
1220 270 1229 295 ¹
1252 270 1620 328 Asclepiodotum,
1645 288 1740 316 cum
1761 289 1787 316 a
1805 275 1850 316 te

323 338 540 392 probe’nur,
572 335 678 377 mihi
708 350 873 391 quoque
903 336 995 378 fieri
1026 337 1351 380 amicissimum:
1401 341 1492 380 'nam
1521 339 1692 382 hercule
1722 356 1850 397 quam

324 407 387 445 est
417 404 609 446 Herodes
641 419 828 446 summus
858 418 975 446 nunc
1004 419 1143 460 meus,
1176 420 1433 461 quamquam
1463 409 1579 449 extet
1607 409 1756 450 oratio.

435 471 541 527 Egst
585 473 809 526 praeterea
852 486 1019 514 mecum
1064 472 1200 515 frater
1235 475 1334 515 tuus
1371 474 1573 530 inpense,
1620 476 1732 531 quod
1770 490 1850 532 ego

321 539 455 581 multo
483 539 706 594 inpensius
737 539 912 595 adgredi
934 540 1056 595 ciipio
1066 573 1077 595 ,
1111 542 1153 582 et
1182 540 1255 582 ubi
1285 542 1470 596 primum
1501 543 1850 585 commentarium

322 607 500 661 miseris,
535 607 760 662 adgrediar
790 622 840 650 ex
872 609 1047 650 summis
1076 608 1309 650 voluntatis
1340 610 1510 664 opibus:
1559 625 1662 652 nam
1699 611 1750 653 de
1786 611 1849 653 fa-

324 674 482 716 cultate
513 676 605 716 tute
636 675 817 730 videbis,
851 676 924 731 qui
954 690 1021 718 me
1051 676 1252 718 idoneum
1283 677 1500 719 censuisti.

853 833 914 876 X.
947 834 1176 888 Magistro
1207 835 1323 878 Meo.

434 935 608 977 Certum
639 949 730 977 esse
751 937 814 989 te,
847 935 906 976 mi
936 935 1143 990 magister
1175 937 1406 991 carissime,
1439 937 1607 978 etiamsi
1628 938 1845 992 reticeam,

319 1002 427 1045 nihil
449 1003 610 1057 dubito,
635 1005 822 1058 quantae
842 1002 947 1044 mihi
969 1003 1241 1045 aeerbi'oatis2
1258 1004 1315 1046 sit
1333 1006 1409 1046 tua
1430 1005 1568 1046 omnis
1587 1005 1650 1046 vel
1670 1006 1848 1047 minima

318 1071 510 1112 tristicia.
572 1071 856 1126 Enimlssvero
896 1085 992 1113 cum
1023 1073 1066 1113 ek
1101 1086 1278 1113 uxorem
1315 1086 1391 1127 per
1419 1074 1484 1114 tot
1524 1087 1659 1122 annos
1704 1088 1847 1115 caram

299 1140 362 1186 =e’c
391 1140 592 1193 nepotem
623 1139 914 1181 dulcissimum
944 1154 1080 1194 paene
1112 1139 1236 1181 simul
1268 1139 1485 1182 amiseris4
1515 1141 1630 1182 maxi
1662 1173 1673 1183 .
1708 1175 1716 1182 .
1748 1143 1791 1183 te
1822 1157 1848 1183 a

318 1221 385 1247 me
420 1239 427 1247 .
465 1240 471 1247 .
505 1207 760 1262 magistrum
791 1207 926 1249 doctis
958 1208 1083 1249 dicffis
1116 1207 1327 1249 consolari
1358 1208 1536 1249 audeam
1570 1242 1577 1249 .
1607 1242 1614 1250 .
1647 1210 1767 1250 tuam
1800 1242 1808 1250 .
1835 1242 1843 1250 .

319 1274 433 1316 enim
467 1307 474 1315 .
511 1308 518 1315 .
550 1276 644 1315 tum
678 1307 685 1315 .
722 1308 729 1315 .
764 1275 951 1316 delibera
991 1308 999 1316 .
1036 1309 1044 1316 .
1081 1309 1088 1316 .
1149 1275 1192 1317 N
1194 1290 1278 1317 unc
1316 1276 1368 1316 ad
1405 1275 1568 1331 reliqua
1606 1276 1847 1319 litterarum

317 1344 488 1383 ssuarum
519 1343 757 1384 convertar.
818 1342 1067 1385 Delectatus
1101 1376 1109 1384 .
1142 1357 1197 1384 ua
1227 1343 1276 1384 th
1302 1376 1309 1384 .
1347 1376 1354 1383 .
1387 1358 1499 1385 mem
1532 1377 1539 1384 .
1577 1377 1585 1385 .
1617 1345 1665 1386 in
1694 1359 1802 1400 grav
1835 1378 1842 1386 .

319 1442 328 1451 .
362 1410 419 1451 rit
452 1443 460 1451 .
497 1443 505 1451 .
538 1412 628 1451 veri
661 1443 668 1450 .
707 1443 714 1450 .
752 1444 759 1451 .
821 1409 932 1459 Quid
965 1409 1108 1468 [or]as,
1142 1410 1202 1451 mi
1230 1411 1468 1466 magister?
1501 1444 1509 1452 .
1538 1445 1545 1452 .
1578 1412 1663 1453 nisi
1692 1412 1764 1467 qui
1798 1445 1806 1453 .
1834 1445 1842 1453 .

318 1492 342 1518 a
380 1492 448 1519 me
486 1491 640 1518 munus
679 1480 753 1519 aut
790 1492 846 1519 no
887 1511 894 1519 .
931 1511 939 1519 .
971 1493 1065 1519 mus
1096 1478 1378 1533 defendisset,
1419 1494 1502 1534 qua
1538 1479 1573 1520 si
1612 1479 1756 1520 deficis
1789 1512 1797 1520 .
1833 1512 1842 1520 .

317 1545 418 1599 quid
449 1544 562 1586 aliud
593 1559 673 1601 ego
704 1545 867 1587 doctior
897 1545 1123 1600 quicquam
1155 1548 1229 1587 aut
1259 1548 1411 1601 expeto
1442 1548 1516 1588 aut
1542 1547 1706 1589 somnio
1730 1580 1738 1588 .
1764 1581 1771 1588 .
1799 1580 1806 1588 .
1833 1580 1841 1589 .

433 1707 449 1737 1
475 1702 571 1738 Dedi
594 1703 794 1738 lectionem
817 1703 918 1748 Maii,
945 1703 1011 1738 sed
1036 1702 1181 1739 Codicis
1205 1705 1364 1750 vestigia
1387 1715 1462 1739 non
1485 1704 1729 1750 respondent:

792 1759 1240 1803 QUIDIh--—1EREQ
1268 1789 1274 1796 .
1303 1789 1310 1795 .

836 1815 1083 1859 INQUAoeIx
1108 1846 1114 1852 .
1146 1846 1151 1852 .
1179 1845 1186 1852 .
1214 1846 1221 1852 .
1243 1816 1339 1852 cIAS

837 1871 966 1908 CLEP.

316 1927 389 1963 Sed
415 1927 496 1972 quis
519 1929 613 1963 haec
637 1928 831 1974 expediefi‘?

429 1989 449 2019 2
475 1983 575 2019 Corr.
602 1988 793 2020 acerbitati.
844 1988 1075 2030 Heindorfius.

429 2046 450 2076 3
473 2040 609 2086 Incipih
634 2040 722 2075 Cod.
747 2053 783 2086 p.
810 2045 895 2085 427,
921 2052 1016 2085 quae
1040 2041 1183 2077 inberiit
1205 2044 1357 2088 praeter
1380 2044 1456 2078 tres
1480 2043 1620 2088 primos
1645 2055 1782 2078 versus

392 2123 394 2126 ,
427 2100 448 2130 4
472 2096 706 2131 Heindorfius
732 2097 871 2142 explet:
913 2102 1081 2139 amiseris,
1121 2104 1277 2134 maxima
1307 2098 1376 2134 tibi
1400 2099 1500 2135 vitae
1525 2099 1675 2143 solassia,
1707 2099 1840 2143 quibus

316 2163 386 2198 ego
411 2166 495 2198 may.
