1968 3158
783 155 1159 191 PnohmoMENA.
1721 171 1751 201 V

204 288 299 316 mus
330 275 376 316 et
405 272 718 316 sanctissimus.
781 272 859 315 llle
890 273 983 329 ipse
1014 272 1175 314 Fronto
1205 272 1352 314 fatuus
1381 271 1534 314 fuerit:
1566 287 1656 316 non
1687 275 1750 316 in-

205 342 441 398 tercedam,
474 342 561 398 sed,
597 357 693 384 cuin
714 342 759 383 in
783 341 1054 384 declamandi
1085 354 1244 396 genere
1267 356 1292 382 a
1313 342 1432 383 recta
1461 341 1531 384 via
1561 342 1751 385 immane

203 412 415 467 quantuni
454 412 696 466 aberraret,
745 410 907 452 bonum
943 411 1089 452 tamen
1138 410 1277 452 virum
1322 410 1476 466 fuisse,
1525 411 1598 467 qui
1640 410 1751 453 nihil

204 482 370 523 amaret
401 481 485 523 nisi
516 480 628 536 quod
659 479 891 522 honestum
921 478 1161 533 videretur,
1195 478 1277 521 hoc
1307 479 1480 535 quidem
1512 494 1563 522 ex
1595 479 1751 535 episto·

202 548 342 591 larum
374 549 629 592 commercio
659 547 910 604 planissime
943 546 1176 603 colligitur.
1225 547 1270 590 Si
1299 548 1346 589 in
1377 547 1562 604 singulis
1593 548 1750 604 episto-

202 618 255 664 lis
287 619 487 661 accurate
517 616 798 673 perpenderis
830 617 874 658 et
906 615 1218 672 circumspecto
1239 615 1398 658 iudicio
1420 616 1748 672 examinaveris,

165 699 169 703 ·
202 702 291 730 11011
321 689 495 730 tantum
525 685 628 742 quid
658 686 890 740 scriptores
922 685 1091 739 dicant,
1133 685 1208 727 sed
1244 685 1381 727 multo
1420 686 1606 729 maxime
1647 686 1749 743 quid

200 755 390 812 intelligi
419 755 576 810 velint,
617 769 707 797 non
738 753 898 796 sterilis
929 768 1060 809 opera
1091 754 1175 796 erit
1206 754 1259 796 ad
1290 754 1614 797 Antoninorum
1644 757 1750 798 tem-

199 838 306 880 pora
344 824 586 867 accuratius
627 822 940 879 cognoscenda.
1001 821 1206 864 Fontium
1243 822 1427 878 penuria
1463 823 1630 865 factum
1669 827 1747 879 est,

199 881 455 936 ut-diffissile
486 893 543 936 sit
573 892 763 934 iudicare
794 892 846 934 d'e
877 891 1109 934 decantata
1146 891 1221 933 illa
1260 891 1409 947 populi
1440 890 1626 934 Romani
1657 893 1750 935 feli·
1814 943 1820 947 ‚

201 962 333 1004 citate
363 962 442 1004 sub
467 954 792 1004 Antoninorum
821 960 1024 1016 imperio,
1056 960 1131 1002 sed
1160 959 1394 1002 Frontonis
1427 960 1635 1016 epistolae
1666 962 1749 1003 rite

198 1032 412 1073 tractatae
445 1031 612 1073 dabunt
641 1031 846 1086 pauciora
866 1044 996 1086 quam
1018 1029 1139 1083 velis,
1173 1029 1247 1071 sed
1277 1028 1413 1070 multo
1443 1029 1583 1084 plura,
1619 1044 1769 1089 quam·
1833 1068 1841 1071 ,

198 1100 279 1142 viri
310 1100 426 1143 docti
457 1100 596 1143 adhuc
634 1099 802 1156 opinati
838 1100 953 1141 sunt.
1005 1097 1217 1141 Cautione
1252 1112 1360 1153 opus
1398 1099 1488 1152 est,
1522 1113 1578 1140 ne
1614 1098 1749 1140 Fron-

198 1169 313 1219 tonis
345 1169 574 1226 elegantiis
616 1170 660 1211 et
696 1168 905 1215 orationis
944 1168 1095 1223 putido
1132 1168 1290 1209 ornatu
1335 1167 1622 1223 decipiamur,
1672 1168 1746 1209 sed

198 1240 394 1294 superest
423 1240 570 1280 tamen
612 1237 796 1293 aliquid,
839 1226 958 1292 'quod
995 1235 1193 1292 equidem
1233 1250 1331 1277 cum
1366 1236 1515 1278 fructu
1554 1235 1745 1291 adhibui,

196 1308 246 1349 ut
275 1306 381 1349 mihi
411 1306 584 1363 illorum
614 1308 857 1362 temporum
879 1305 1118 1362 imaginem
1147 1305 1450 1347 instaurarem.
1494 1303 1616 1354 Quod
1646 1304 1748 1346 Avi-

197 1375 291 1418 dius
323 1375 496 1419 Cassius
528 1375 836 1418 contumeliose
867 1375 997 1430 dixit,
1039 1374 1099 1416 M.
1133 1374 1409 1416 Antoninum
1440 1388 1529 1416 non
1558 1373 1747 1430 Impera-

197 1447 334 1487 torem
380 1460 471 1488 esse
510 1445 584 1487 sed
622 1444 933 1501 Dialogistam,
982 1444 1056 1500 qui
1100 1459 1233 1500 quum
1278 1443 1658 1499 philosopharetur
1704 1446 1748 1486 et

197 1517 422 1570 quaereret
452 1515 503 1556 de
534 1513 715 1556 honesto
747 1516 790 1556 et
826 1514 962 1569 iusto,
1008 1527 1098 1555 non
1136 1513 1242 1555 satis
1281 1512 1462 1555 haberet
1499 1512 1655 1554 virium
1694 1513 1747 1555 ad

195 1584 372 1640 Imperii
394 1598 501 1626 onus
524 1583 839 1638 sustinendum,
873 1583 918 1626 id
940 1583 1093 1626 acerbe
1115 1582 1279 1624 dictum
1312 1597 1404 1624 esse
1437 1581 1638 1636 concedo,
1672 1582 1746 1623 sed

195 1653 308 1706 idem
349 1653 618 1695 verissimum
657 1667 748 1694 esse
788 1652 1015 1706 contendo.
1086 1650 1202 1693 Dum
1242 1650 1430 1692 clemens
1470 1650 1554 1692 dici
1593 1650 1742 1704 voluit,

195 1722 298 1764 mali
343 1722 522 1764 licentia
567 1721 861 1764 abutebantur
905 1722 949 1762 et
988 1719 1284 1762 Romanorum
1327 1719 1619 1761 conditionem
1665 1719 1744 1760 sub

195 1791 358 1847 optimo
403 1790 607 1846 Principe
658 1793 807 1832 tamen
858 1789 1146 1831 miserrimam
1190 1778 1324 1830 fuisse
1371 1788 1583 1830 existimo.
1654 1787 1744 1829 Ali-

195 1863 357 1917 quanto
387 1859 540 1902 melius
571 1874 689 1901 nunc
719 1859 956 1914 poterimus
986 1858 1190 1912 iudicare,
1223 1859 1318 1899 tum
1348 1857 1451 1911 quid
1481 1856 1616 1898 altero
1646 1859 1745 1912 post

196 1929 417 1972 Christum
460 1929 629 1971 saeculo
666 1927 875 1970 Romanis
915 1927 1164 1969 hominibus
1202 1941 1253 1968 ex
1284 1940 1386 1968 vera
1418 1927 1461 1967 et
1491 1926 1744 1981 incorrupta

196 1998 456 2057 antiquitate
487 1999 745 2053 superesset,
778 1996 892 2053 quod
922 2011 1026 2038 sane
1057 2010 1212 2051 parum
1243 1996 1322 2050 est,
1357 1997 1449 2036 tum
1480 1994 1583 2050 quid
1614 1994 1743 2036 evilu-

193 2068 298 2110 isset
328 2068 458 2123 atque
496 2066 708 2121 efficeret,
750 2068 799 2108 ut
829 2065 1065 2121 Imperium
1095 2063 1341 2106 Romanum
1379 2065 1493 2105 stare
1530 2063 1617 2105 iam
1654 2078 1743 2105 non

194 2137 340 2192 posset
370 2138 414 2178 et
443 2135 564 2178 brevi
594 2137 692 2191 post
722 2149 930 2191 praeceps
960 2134 1065 2189 iret,
1099 2133 1235 2175 donec
1266 2133 1550 2175 barbarorum
1580 2132 1743 2188 praeda

194 2205 329 2248 fieret.
399 2204 600 2246 Pluribus
643 2204 751 2246 haec
796 2203 942 2246 omnia
986 2204 1237 2258 persecutus
1277 2204 1343 2244 est
1381 2201 1625 2243 Fridericus
1657 2201 1744 2243 Ro-

193 2274 333 2329 thius,
367 2275 440 2329 qui
476 2273 536 2315 ΑΟ
569 2274 676 2316 1817
715 2273 1031 2329 Norimbergae
1068 2272 1114 2314 in
1152 2273 1475 2327 programmate
1506 2285 1742 2326 paucarum

194 2343 456 2400 paginarum
487 2343 538 2384 de
568 2342 800 2384 Frontonis
832 2342 1128 2397 Epistolarum
1166 2340 1311 2390 studio
1342 2340 1466 2382 utilia
1497 2340 1667 2381 monuit
1699 2342 1741 2381 et

194 2412 310 2455 lectu
339 2406 541 2454 iucunda.

309 2479 426 2529 Quae
456 2482 622 2522 veteres
645 2481 877 2536 scriptores
901 2480 952 2522 de
974 2480 1193 2522 Frontone
1213 2479 1500 2533 tradiderunt,
1535 2469 1740 2521 eiusmodi

195 2550 341 2603 erant,
382 2550 431 2590 ut
469 2563 583 2590 anno
616 2549 726 2594 1815
757 2563 924 2591 summa
954 2548 1179 2590 hominum
1209 2547 1530 2603 exspectatione
1561 2545 1739 2587 nuntius

195 2618 477 2673 acciperetur,
510 2616 688 2672 Maium,
722 2617 794 2673 qui
825 2619 919 2659 tum
951 2619 1094 2660 custos
1117 2618 1210 2658 erat
1232 2614 1739 2658 additus‘Ambrosianae

194 2686 504 2741 bibliothecae,
552 2686 784 2728 editionem
821 2701 974 2741 parare
1012 2685 1245 2727 Frontonis
1276 2684 1570 2740 Epistolarum
1601 2698 1737 2739 quan-

166 2755 295 2798 ‘tivis
326 2755 476 2811 pretii,
509 2743 615 2811 quas
645 2754 692 2796 in
724 2754 868 2797 codice
899 2755 1084 2810 quodam
1114 2753 1326 2808 rescripto
1356 2753 1608 2795 invenisset.
1651 2751 1738 2795 No-

194 2826 288 2867 tum
318 2826 411 2866 erat
448 2823 508 2866 M.
542 2822 790 2866 Cornelium
827 2823 1091 2865 Frontonem
1131 2821 1251 2866 Cirta
1282 2822 1329 2864 in
1358 2821 1564 2864 Numidia
1594 2821 1737 2863 oriun-

195 2893 316 2949 dum,
357 2893 436 2937 sub
466 2892 577 2936 Divo
606 2891 831 2935 Hadriano
860 2892 977 2935 inter
1005 2906 1232 2935 causarum
1261 2892 1466 2948 patronos
1497 2890 1737 2947 principem
