1968 3158
518 191 584 227 AD
609 191 658 227 M.
678 189 935 227 CAESAREM
960 188 1022 225 ΕΤ
1049 187 1253 225 INVICEM
1277 186 1422 223 LIBER
1446 186 1491 222 ΙΙ.
1720 186 1776 227 29

234 308 434 364 quentiae
466 321 684 362 romanae,
726 307 959 348 amicorum
995 305 1155 361 gloria,
1190 305 1296 357 μέγα
1326 306 1520 358 πρᾶγμα,
1557 300 1684 342 homo
1715 299 1775 341 iu-

209 413 212 415 .
238 375 518 430 cundissime,
553 376 700 417 consul
731 374 1008 430 amplissime,
1041 372 1250 428 magister
1280 371 1538 414 dulcissime.

348 443 505 486 Postea
537 443 707 486 cavebis
738 443 790 485 de
819 458 902 497 nie,
935 441 1189 497 praesertim
1225 440 1271 482 in
1302 442 1470 494 senatu,
1510 440 1601 480 tam
1639 435 1775 478 multa

232 512 424 555 mentiri.
485 511 764 554 Horribiliter
814 509 1027 566 scripsisti
1078 508 1192 550 hanc
1236 508 1497 550 orationem!
1558 506 1594 548 O
1642 505 1676 546 si
1723 504 1774 546 ad

235 580 408 637 singula
441 580 585 636 capita
617 581 746 635 caput
774 578 921 620 tuum¹
954 577 1121 619 basiare
1152 576 1341 631 possem!
1384 576 1562 628 ἰεχυρῶε
1598 575 1775 616 πάντων

235 650 630 703 καταπεφρόνηκας.
707 647 803 689 Hac
841 647 1036 688 oratione
1075 646 1188 686 lecta
1225 644 1387 685 frustra
1426 648 1504 684 nos
1541 641 1774 695 studemus,

234 717 396 759 frustra
428 717 694 770 laboramus,
726 714 891 756 frustra
920 727 1075 756 nervos
1107 711 1419 754 contendimus.
1452 711 1561 754 Vale
1592 723 1775 765 semper,

234 785 443 843 magister
473 783 718 826 dulcissime
731 782 758 825 ².
797 804 806 813 .

748 930 832 975 IV.
878 929 1111 985 Magistro
1142 928 1260 972 Meo.

347 1023 444 1080 Ego
475 1023 530 1066 ab
560 1023 666 1065 hora
697 1025 850 1079 quarta
886 1024 930 1064 et
966 1021 1143 1063 dimidia
1181 1022 1227 1062 in
1266 1019 1380 1061 hane
1419 1020 1569 1060 horam
1608 1018 1775 1073 scripsi,

235 1094 279 1134 et
310 1092 488 1135 Catonis
519 1091 655 1134 multa
686 1090 788 1147 legi,
830 1093 874 1132 et
902 1090 1011 1132 haec
1049 1089 1101 1131 ad
1141 1091 1184 1130 te
1224 1087 1371 1142 eodem
1420 1087 1583 1129 calamo
1621 1086 1775 1140 scribo,

235 1163 279 1202 et
308 1163 352 1202 te
383 1161 538 1215 saluto,
579 1162 622 1202 et
653 1174 782 1215 quam
813 1158 1031 1201 commode
1062 1171 1190 1213 agas,
1223 1156 1431 1198 sciscitor.
1480 1155 1516 1197 O
1548 1169 1675 1210 quam
1706 1154 1778 1195 diu

234 1231 279 1271 te
310 1243 398 1271 11011
428 1228 570 1274 vidi!³
604 1262 612 1270 .
649 1262 657 1270 .
695 1262 748 1270 ..

503 1375 559 1420 V.
609 1376 811 1434 (Verus4
841 1375 1080 1419 Frontoni
1108 1363 1341 1429 Magistro
1373 1370 1508 1428 Suo).

353 1503 362 1511 .
398 1503 407 1511 .
443 1502 452 1510 .
486 1469 676 1511 ⁵deatur.
710 1461 968 1510 '‘Polemona
1000 1469 1102 1509 ante
1132 1467 1214 1508 hoc
1243 1465 1433 1506 triduum
1464 1464 1779 1505 declamantem

238 1537 517 1592 audivimusss,
547 1538 621 1581 ἵνα
650 1553 688 1580 τι
719 1539 788 1580 καὶ
817 1538 916 1589 περὶ
946 1537 1190 1588 ἀνθρώπων
1223 1535 1486 1586 λαλήεωμεν.

353 1605 398 1648 Si
428 1605 597 1660 quaeris
635 1605 736 1661 quid
776 1605 890 1647 visus
929 1605 985 1646 sit
1030 1603 1157 1658 mihi,
1213 1602 1360 1657 accipe
1371 1610 1401 1642 ³.
1462 1600 1645 1642 Videtur
1674 1599 1781 1640 mihi

239 1673 431 1730 agricola
463 1676 684 1728 strenuus,
719 1687 885 1714 summa
916 1671 1107 1714 sollertia
1145 1670 1386 1726 praeditus,
1427 1669 1563 1709 latum
1599 1667 1781 1709 fundum

238 1742 284 1783 in
323 1741 414 1783 sola
452 1743 598 1797 segete
635 1741 867 1783 frumenti⁷
906 1743 949 1782 et
985 1739 1144 1781 vitibus
1182 1751 1434 1793 occupasse,
1478 1736 1552 1777 ubi
1598 1750 1701 1777 sane
1739 1737 1782 1776 et

237 1810 406 1852 fructus
452 1809 766 1865 pulcherrimus
805 1811 848 1850 et
885 1808 1046 1850 reditus
1091 1807 1345 1849 uberrimus.
1408 1804 1490 1847 Sed
1528 1804 1644 1846 enim
1682 1818 1781 1846 nus-
1851 1851 1857 1857 st

239 1893 369 1934 quam
407 1879 454 1920 in
485 1893 534 1920 eo
565 1893 662 1920 rure
700 1878 806 1920 ficus
836 1876 1121 1932 pompeiana8
1160 1875 1229 1917 vel
1258 1874 1381 1916 holus
1420 1873 1672 1927 aricinum9,
1713 1871 1782 1913 vel

238 1961 336 1988 rosa
365 1947 588 1989 tarentina
602 1948 648 2002 ¹⁰,
681 1946 749 1988 vel
779 1960 930 1988 nemus
950 1959 1191 1999 amoenum,
1224 1943 1292 1985 vel
1312 1941 1511 1984 densus¹¹
1545 1941 1680 1995 lucus,
1713 1939 1782 1982 vel

354 2095 377 2120 a
400 2087 445 2119 In
469 2089 636 2128 maraine:
661 2083 759 2119 Laus
783 2082 1018 2127 eloquentiae
1045 2080 1198 2125 solidae,
1223 2079 1281 2115 cui
1297 2079 1433 2115 desunt
1448 2078 1570 2121 flores,
1596 2076 1660 2112 ubi
1684 2078 1782 2112 latus

238 2141 374 2176 fundus
397 2140 437 2176 in
461 2141 540 2176 sola
565 2145 693 2186 segete
719 2140 895 2175 frumenti
919 2142 957 2174 et
980 2138 1118 2174 vitibus
1143 2137 1356 2185 occupatur,

357 2294 374 2325 1
402 2288 491 2326 Cod.
517 2297 595 2326 tum.

355 2352 375 2382 2
401 2347 490 2383 Cod.
517 2351 742 2383 dulcissimae.
1194 2391 1197 2393 Α

355 2409 376 2441 3
400 2404 562 2450 Explicit
586 2402 780 2449 quaternio
807 2404 971 2448 quartus,
1022 2400 1198 2447 Sequitur
1222 2401 1358 2436 lacuna
1383 2411 1447 2435 sex
1471 2399 1706 2444 paginarum.

356 2465 379 2496 4
401 2460 497 2497 Vide
520 2461 628 2497 infra.

358 2522 378 2553 ὁ
403 2517 538 2563 Incipit
564 2517 653 2552 Cod.
680 2517 854 2553 Ambros.
879 2529 916 2562 p.
938 2520 1013 2551 110.

357 2577 377 2609 6
401 2574 460 2609 Ita
485 2573 619 2609 Codex.
669 2573 807 2608 Maius:
833 2577 958 2609 audivi.

359 2635 378 2666 7
404 2630 493 2666 Cod.
517 2643 574 2676 pr.
601 2643 650 2666 m.
675 2634 888 2674 frumentum.

355 2692 380 2724 8
405 2688 449 2723 cf.
475 2687 640 2723 Macrob.
669 2686 818 2722 Saturn.
843 2687 890 2730 II,
910 2691 962 2722 16.
1011 2686 1104 2722 Plin.
1132 2686 1177 2721 H.
1203 2686 1248 2721 N.
1274 2684 1352 2720 XV.
1381 2689 1433 2720 19.

359 2749 379 2780 9
405 2745 450 2780 cf.
476 2745 570 2780 Plin.
596 2744 697 2784 Hist„
718 2743 803 2779 Nat.
829 2743 925 2778 XIX.
953 2747 985 2778 8.

339 2806 380 2837 10
404 2801 497 2837 Plin.
531 2801 576 2836 H.
608 2801 653 2836 N.
686 2800 781 2835 XXI.
808 2804 830 2835 4
871 2800 1001 2835 laudat
1041 2811 1147 2836 rosas
1186 2799 1450 2835 Praenestinas
1488 2799 1525 2835 et
1563 2792 1785 2844 Campanas,

245 2857 489 2896 Verissimum
513 2859 571 2894 est
594 2857 790 2893 Niebuhrii
814 2857 860 2892 de
885 2857 956 2892 hoc
979 2857 1061 2892 loco
1085 2856 1272 2892 iudicium.

340 2920 379 2952 11
404 2916 506 2951 Nota
528 2916 566 2950 in
591 2915 762 2960 margine
785 2915 870 2950 lect.
898 2919 1052 2959 densior,
1077 2914 1143 2949 ubi
1166 2913 1286 2949 Maius
1310 2924 1510 2960 perperam
1535 2918 1671 2950 densus.
