1968 3158
241 123 324 165 282

286 248 322 280 p.
348 238 409 277 88,
440 233 639 279 degluttire
668 246 705 279 p.
740 237 814 269 182.
844 234 986 269 Rettuli

286 298 319 326 et
344 290 471 333 retuli,
503 289 707 325 balbuttire
736 297 767 326 et
799 290 986 326 balbutire
1052 288 1057 292 ’

286 350 430 386 variant.
466 349 518 390 Cf.
547 345 702 382 Corssen.
731 349 876 392 Ausspr.
902 347 918 382 I
948 359 984 392 p.

289 407 348 446 69,
372 403 416 438 ΙΙ.
443 415 479 447 p.
505 406 560 437 46.

242 460 317 494 Tra
333 466 367 494 et
391 463 495 494 trans
512 465 662 500 variant,
679 459 837 496 tralatus
853 472 890 506 p.
910 465 985 505 123,

285 516 443 551 tralatus
467 522 501 551 et
524 516 727 551 translatus
751 529 787 562 p.
811 521 889 562 153,
914 519 987 554 tra-

287 571 469 615 misimus,
500 572 748 607 transmisisse
773 585 808 618 p.
837 579 896 618 30,
933 578 987 618 80,

286 628 448 663 travehit
471 641 506 674 p.
534 633 616 672 233,
640 629 825 665 transdidi
848 643 884 676 p.
910 635 964 666 95.

239 685 271 720 U
295 698 360 728 pro
384 684 412 728 i,
438 686 687 731 surrupuisset
710 699 746 732 p.
767 690 844 730 227,
869 689 987 723 aestu-

286 752 388 776 mare
412 753 447 786 p.
472 745 532 786 53,
560 744 761 788 proxumus
786 756 822 789 p.
849 748 907 788 92,
933 748 988 788 37,

286 797 505 833 carissumus
535 811 571 844 p.
604 803 665 843 38,
700 798 918 836 maritumus
949 813 985 846 p.

288 859 363 890 228.
405 858 506 891 Haec
534 859 611 900 ipsa
640 862 751 891 tamen
785 860 921 892 variant
956 872 985 895 v.

285 925 337 956 qr.
368 923 403 956 p.
438 915 496 955 71,
526 916 604 948 236.
644 914 772 948 Contra
807 914 915 959 ipro
951 926 986 959 u,

286 967 494 1014 reciperare
530 980 565 1013 p.
599 972 653 1012 71,
690 972 745 1005 88.
786 972 881 1005 Alibi
908 984 988 1006 vero

287 1036 518 1070 recuperare.
543 1028 585 1059 V.
599 1029 750 1070 Longum
767 1030 866 1070 2216,
883 1029 988 1062 Scau·

286 1095 358 1116 rum
387 1084 485 1117 2259.
521 1085 574 1126 Cf.
612 1085 767 1120 Corssen.
794 1086 943 1128 Ausspr.
971 1084 987 1118 I

241 1131 322 1183 sp.
351 1142 426 1182 145,
451 1142 527 1174 252.

240 1195 272 1230 U
302 1208 368 1239 pro
401 1205 440 1238 ο,
473 1195 706 1239 adulescens,
738 1196 988 1232 adulescentia

287 1258 495 1289 constanter.
534 1255 607 1287 Sed
635 1259 746 1288 tamen
775 1266 882 1298 acque
909 1266 988 1289 con-

285 1315 419 1343 stanter
448 1308 619 1344 adolesco
650 1313 794 1344 verbum.
851 1309 989 1345 Contra

287 1376 311 1398 u
332 1378 400 1408 pro
418 1375 457 1408 ο,
481 1379 510 1400 υ.
534 1378 586 1410 yr.
606 1365 765 1410 epistula
781 1373 987 1402 constanter.

289 1423 456 1456 Mendose
473 1427 582 1456 autem
600 1421 744 1457 cluacas
760 1435 796 1467 p.
817 1427 892 1466 157,
912 1434 988 1458 cor—

286 1476 388 1522 puris
404 1490 439 1522 p.
459 1480 533 1520 136,
550 1477 711 1513 tulerare
726 1491 761 1524 p.
779 1482 853 1514 134.
884 1482 988 1514 Recte

287 1547 367 1569 vero
397 1534 619 1569 Acheruntis
650 1547 686 1579 p.
723 1538 800 1578 228,
825 1539 901 1570 229.
934 1538 986 1580 Cf.

288 1593 601 1635 Corssen..Azcssp.
628 1591 644 1625 I
667 1603 704 1636 p.
731 1594 807 1627 255.

242 1647 274 1681 U
289 1660 355 1691 pro
371 1659 406 1691 y,
422 1646 583 1683 inclutus
599 1660 634 1693 p.
662 1652 736 1692 115,
761 1648 987 1694 sumposium

288 1716 323 1749 p.
343 1708 420 1747 227,
446 1704 554 1739 Suria.
569 1717 605 1750 p.
634 1708 708 1748 135,
732 1709 808 1740 209.
841 1709 989 1741 Variant

289 1760 391 1795 Sulla
415 1767 448 1795 et
473 1760 590 1805 Sylla,
614 1774 649 1806 p.
672 1765 735 1796 184
758 1762 795 1796 et
819 1765 896 1805 224,
921 1762 989 1796 Lu-

289 1816 361 1852 sias
378 1824 411 1852 et
434 1817 563 1862 Lysias
579 1830 614 1863 p.
636 1822 701 1854 194
717 1818 756 1854 et
771 1822 848 1854 212.
884 1817 991 1854 Suria

691 120 888 164 vINDICES
913 121 978 156 AD
1003 120 1313 158 FRONTONEM.
1369 134 1372 137 ·

1067 238 1256 270 nominatim
1273 238 1442 272 retinetur
1457 250 1479 272 a
1493 239 1639 273 Cornuto
1657 242 1762 274 2286:

1066 294 1198 326 videtur
1228 298 1338 327 autem
1366 294 1572 328 archaismus
1604 297 1763 336 Cornuto,

1066 349 1187 383 co‘ntra
1221 361 1300 383 vero
1338 351 1459 384 Bedae
1489 353 1577 384 2346
1613 354 1763 386 archais-

1066 417 1136 438 mus
1173 403 1291 449 Syria.
1327 407 1378 449 Cf.
1418 407 1576 441 Corssen.
1615 409 1762 452 Ausspr.

1066 460 1083 495 I
1106 472 1142 505 p.
1171 464 1246 496 151.

1021 517 1078 552 Uo
1092 531 1160 562 pro
1173 529 1222 552 uu
1235 521 1443 562 saepissime,
1459 529 1629 563 aequom,
1647 530 1765 565 avom,

1068 573 1209 617 divom,
1247 584 1397 618 equom,
1435 574 1652 620 Gradivom,
1683 589 1767 622 par—

1067 630 1187 674 volus,
1206 641 1334 674 quom,
1351 630 1488 674 salvos,
1507 632 1659 677 salvom,
1675 633 1765 668 tem-

1066 686 1267 732 pestivom,
1298 687 1499 731 Volcanus,
1529 688 1657 733 volgo,
1693 689 1767 725 vol-

1067 742 1182 788 garis,
1199 743 1388 788 volgatus,
1407 744 1608 788 volnerari,
1625 745 1766 790 volnus,

1066 800 1211 845 volpes,
1241 800 1387 844 volgus,
1417 800 1557 845 volsus,
1588 801 1766 846 devolsus,

1067 857 1162 901 volt,
1187 856 1317 892 voltus.
1355 860 1498 902 Leyitur
1527 864 1638 893 tamen
1667 854 1767 894 etiem

1067 924 1227 958 aequum
1251 925 1287 958 p.
1309 917 1383 956 128,
1407 913 1707 958 intempestivum
1727 928 1764 962 p..

1070 974 1151 1013 121,
1177 980 1314 1004 novum
1329 982 1365 1015 p.
1384 973 1445 1014 84,
1469 981 1614 1005 servum
1633 983 1669 1016 p.
1690 975 1764 1007 115.

1069 1028 1254 1071 Scriptura
1280 1039 1347 1071 per
1370 1038 1417 1062 uo
1448 1030 1572 1062 dicitur
1596 1031 1768 1073 antiquior

1068 1097 1090 1118 a
1121 1085 1255 1125 Quintil.
1287 1083 1303 1117 I
1335 1087 1355 1118 7
1392 1087 1411 1126 ξ
1443 1087 1485 1118 26
1517 1090 1549 1118 et
1585 1097 1608 1118 a
1636 1085 1767 1120 Scauro

1067 1143 1172 1184 2251,
1187 1143 1251 1175 sed
1266 1143 1424 1184 displicet
1440 1143 1560 1184 Lonyo
1577 1144 1676 1176 2292.
1715 1143 1767 1184 Cf.

1068 1199 1269 1232 Buecheler.
1294 1199 1374 1231 Lat.
1401 1199 1497 1231 Dect.
1521 1208 1558 1241 p.
1582 1201 1640 1240 10,
1667 1199 1768 1232 Gors-

1065 1267 1138 1288 sen.
1165 1256 1314 1296 Ausspr.
1340 1253 1357 1287 I
1380 1265 1416 1298 p.
1444 1257 1499 1296 35,
1526 1257 1602 1296 243,
1627 1257 1703 1288 308.

1022 1309 1147 1354 Ungui
1169 1323 1235 1353 pro
1253 1308 1342 1354 ungi
1357 1321 1392 1354 p.
1414 1312 1494 1352 141,
1513 1313 1768 1345 contradicente

1069 1370 1188 1410 Lonyo
1205 1370 1294 1401 2223
1307 1373 1340 1400 et
1354 1368 1454 1400 Beda
1473 1370 1572 1401 2349.
1599 1368 1650 1409 Cf.
1666 1368 1768 1402 Cors-

1067 1436 1128 1458 sen
1153 1425 1318 1466 Beitra'ye
1342 1434 1378 1466 p.
1395 1425 1449 1456 68.
1468 1426 1544 1457 587.
1704 1416 1708 1420 ”

1023 1479 1055 1514 U
1079 1492 1144 1524 pro
1170 1490 1230 1519 uu,
1258 1478 1518 1522 exstinguntur
1544 1490 1579 1523 p.
1608 1482 1639 1522 7,
1664 1479 1770 1514 obse·

1070 1535 1202 1570 cuntur
1238 1546 1274 1580 p.
1310 1538 1392 1577 134,
1428 1534 1586 1578 reliqum
1615 1547 1655 1580 p.
1692 1539 1767 1578 197,

1069 1603 1158 1635 qum
1174 1603 1210 1636 p.
1231 1595 1307 1635 121,
1328 1594 1402 1627 181.
1435 1593 1484 1634 Cf.
1505 1594 1661 1626 Corssen.
1678 1594 1766 1627 Aus-

1067 1662 1139 1693 spr.
1164 1648 1198 1682 II
1222 1660 1258 1693 p.
1287 1651 1383 1684 165.’

1024 1705 1057 1740 Χ
1073 1718 1138 1750 pro
1155 1717 1199 1748 ss,
1215 1704 1339 1740 Ulixes
1356 1711 1563 1740 constanter.
1600 1707 1652 1748 Cl'.
1668 1707 1765 1740 Cors-

1070 1775 1141 1799 sen.
1171 1764 1316 1806 Ausspr.
1341 1761 1375 1795 II
1399 1773 1435 1806 p.
1461 1765 1538 1796 227.

667 2048 772 2096 VH.
831 2049 982 2097 Index
1017 2049 1355 2111 Epistularum

602 2147 834 2189 secundum
871 2148 1063 2190 ordinem
1100 2148 1412 2203 dispositarum.

605 2248 702 2283 Edit.
729 2249 834 2285 Rom.

1131 2247 1228 2284 Edit.
1254 2248 1346 2284 Nov.

900 2307 942 2340 A.
968 2306 1012 2340 D.
1041 2309 1114 2341 139.

696 2362 812 2407 Epist.
840 2362 888 2397 ad
918 2362 967 2397 M.
995 2361 1098 2397 Caes.
1125 2362 1185 2397 ΙΙΙ,
1217 2365 1312 2397 1-8.

531 2418 598 2463 Ep.
626 2419 675 2454 ad
698 2419 745 2454 M.
774 2418 874 2455 Caes.
902 2420 918 2454 Ι

943 2423 964 2454 9
987 2435 1032 2448 =
1054 2418 1170 2464 Epist.
1198 2418 1326 2455 Graec.
1354 2423 1385 2453 6.

926 2479 1037 2511 11-
991 2502 1036 2506 —
1115 2497 1127 2501 -
1254 2497 1266 2501 -
1353 2479 1384 2510 8.

821 2553 832 2557 -
928 2536 1038 2568 10-
993 2558 1038 2563 -—
1117 2553 1129 2557 -
1353 2536 1384 2567 7.

720 2587 837 2634 Epist.
862 2588 910 2624 ad
933 2588 981 2624 M
1011 2589 1114 2624 Caes.
1131 2587 1165 2624 V
1190 2593 1286 2624 1—4.

901 2668 943 2702 A.
970 2667 1013 2703 D.
1041 2671 1116 2703 140.

691 2724 807 2769 Epist.
833 2724 882 2760 ad
905 2723 1163 2759 M.Caes.111
1203 2727 1325 2759 9-16.

1031 2800 1043 2805 -
1121 2780 1155 2815 V
1178 2783 1324 2816 44—53.

1031 2856 1044 2860 -
1114 2836 1165 2871 IV
1203 2840 1324 2871 8-12,
