1968 3158
219 156 272 198 86
500 154 547 188 Μ.
569 152 794 188 CORNELII
818 150 1094 187 FRONTONIS
1119 150 1461 188 EPISTULARUM

219 268 393 323 gloriae,
437 267 628 308 dolorum
664 279 762 307 vero
799 267 841 306 et
880 265 1198 320 aegritudinum
1227 265 1447 320 aliquanto
1483 266 1578 321 plus
1615 281 1743 322 quam

219 336 321 377 satis
343 349 563 389 superque.
615 333 747 374 Filiae
768 347 886 374 meae
907 333 1024 374 iussu
1054 335 1128 374 tuo
1158 332 1350 374 osculum
1378 332 1480 375 tuli:
1511 349 1744 389 numquam
1796 323 1801 327 .

218 402 323 444 mihi
353 405 442 443 tam
472 401 611 442 suavis
641 403 813 456 tamque
852 401 1015 442 saviata
1044 401 1136 442 visa
1169 399 1279 458 [est].
1321 400 1551 443 Dominam
1587 401 1740 455 saluta,

219 470 399 511 Domine
431 468 686 510 dulcissime.
746 468 855 510 Vale
886 471 929 510 et
958 468 1024 510 fer
1053 468 1244 510 osculum
1274 471 1495 511 matronae
1525 471 1637 511 tuae.

614 580 843 625 XXXIV.
876 581 951 624 49.
996 581 1199 625 Domino
1228 581 1346 625 Meo.

332 672 510 714 Saenius
539 671 825 726 Pompeianus
863 672 910 714 in
953 672 1148 728 plurimis
1188 673 1325 714 causis
1363 687 1387 713 a
1423 687 1490 714 me
1529 673 1742 727 defensus,

217 742 442 795 postquam
471 739 689 795 publicum
727 739 901 782 Africae
932 740 1124 794 redemit,
1157 740 1351 795 plurimis
1383 740 1520 782 causis
1556 755 1646 782 rem
1681 740 1744 782 fa-

216 808 426 849 miliarem
463 809 654 849 nostram
690 808 874 849 adiuvat.
937 807 1196 850 Commendo
1226 823 1321 849 eum
1357 808 1451 862 tibi,
1501 822 1597 850 cum
1634 808 1744 849 ratio

218 875 306 917 eius
353 890 377 916 a
413 874 597 916 Domino
639 877 794 917 nostro
831 877 952 930 patre
998 878 1072 917 tuo
1116 876 1384 930 tractavstur,
1427 875 1745 931 benignitatem

216 942 457 998 ingenitam
478 942 579 997 tibi,
612 957 740 997 quam
770 943 966 984 omnibus
998 957 1049 984 ex
1078 957 1194 984 more
1224 944 1322 984 tuo¹
1355 943 1524 996 tribuis,
1566 944 1615 984 ut
1643 942 1743 984 huic

217 1012 260 1052 et
289 1025 384 1051 mea
416 1010 780 1052 commendatione
817 1012 860 1052 et
889 1012 964 1051 tua
995 1010 1301 1051 consuetudine
1340 1011 1490 1052 ductus
1520 1010 1741 1065 inpertias.

215 1077 324 1120 Vale
353 1077 536 1120 Domine
567 1078 820 1119 dulcissime.

593 1169 605 1174 ’
637 1189 840 1233 xxxv.
872 1189 947 1233 50.
988 1190 1312 1245 Rescriptum.

328 1281 614 1336 Pompeianus
644 1280 808 1322 meritis
838 1281 986 1335 isdem,
1019 1281 1172 1336 quibus
1201 1283 1244 1323 te
1275 1282 1356 1323 sibi
1387 1281 1643 1336 conciliavit,
1675 1297 1743 1324 me

217 1364 381 1405 quoque
411 1349 657 1404 promeruit.
710 1348 848 1398 Quare
881 1349 1004 1403 cupio
1034 1349 1178 1390 omnia
1208 1350 1246 1391 ei
1277 1365 1328 1391 ex
1358 1349 1630 1405 indulgentia
1659 1349 1743 1392 Do-

215 1418 322 1458 mini
351 1418 435 1458 mei
465 1416 600 1471 patris
631 1416 932 1465 obsecundare.
972 1415 1086 1458 Nam
1116 1431 1179 1471 ea,
1212 1432 1319 1472 quae
1350 1417 1431 1459 tibi
1452 1432 1503 1459 ex
1527 1417 1744 1459 sententia

216 1485 465 1540 procedunt,
499 1484 657 1539 gaudia
687 1486 789 1525 sunt
817 1499 924 1525 mea.
965 1483 1072 1526 Vale
1102 1485 1161 1525 mi
1190 1485 1396 1540 magister
1425 1485 1741 1526 iucundissime.

217 1552 422 1594 Faustina
454 1554 496 1593 et
526 1552 725 1607 parvolae
755 1553 927 1594 nostrae
957 1554 1000 1593 te
1031 1552 1234 1594 salutant.

603 1664 834 1709 XXXVI.
866 1664 941 1707 51.
983 1665 1213 1719 Magistro
1242 1665 1360 1708 Meo.

331 1756 375 1798 Si
411 1758 454 1798 te
491 1756 537 1798 in
574 1756 815 1811 provincia,
862 1756 921 1797 mi
965 1756 1191 1811 magister,
1247 1755 1400 1797 adierit
1437 1756 1743 1798 Themistocles

217 1825 401 1880 quidam,
442 1824 515 1879 qui
545 1839 589 1865 se
620 1823 849 1878 Apollonio
879 1824 1087 1879 magistro
1111 1823 1143 1880 {²
1164 1838 1258 1865 meo
1297 1823 1412 1869 dicat
1449 1823 1744 1879 philosophiae

218 1892 452 1947 cognitum,
487 1907 583 1933 eum
614 1892 729 1933 esse3
768 1891 839 1946 qui
877 1891 959 1932 hac
989 1890 1127 1933 hieme
1158 1891 1339 1933 Romam
1369 1892 1536 1933 venerit
1566 1894 1609 1933 et
1638 1891 1744 1933 mihi

218 1960 463 2001 voluntat-&¹
503 1959 699 2015 magistri
730 1973 807 2014 per
844 1958 980 2000 filium
1010 1958 1288 2014 Apollonium
1319 1959 1375 2000 sit
1406 1959 1741 2001 demonstratus:

218 2027 255 2068 ei
285 2029 347 2081 tu,
379 2027 438 2068 mi
468 2027 687 2082 magister,
721 2026 847 2068 velim
877 2026 988 2081 quod
1017 2027 1156 2080 possis
1185 2027 1294 2068 bene
1323 2027 1472 2080 facias,
1510 2027 1618 2068 bene
1650 2042 1743 2068 sua-

219 2095 330 2136 deas.
391 2094 502 2136 Nam
533 2095 599 2136 ius
637 2096 679 2135 et
717 2109 895 2149 aequom
935 2094 1131 2135 omnibus
1168 2094 1394 2136 Asianeis5
1433 2094 1514 2136 erit
1552 2095 1663 2149 apud
1700 2096 1742 2135 te

217 2163 555 2217 paratissimum:
587 2162 659 2204 sed
691 2161 928 2216 consilium,
963 2162 1219 2216 comitatem,
1252 2176 1442 2216 quaeque
1474 2162 1620 2203 amicis
1651 2162 1742 2203 sine

217 2230 303 2272 ullo
334 2230 613 2285 quoiusquam
642 2229 908 2272 incommodo
938 2230 1137 2284 propria6
1166 2229 1371 2284 inpertire
1392 2229 1496 2271 fides
1518 2245 1567 2271 ac
1591 2229 1742 2285 religio

218 2298 482 2352 proconsulis
512 2297 736 2352 permittit,
770 2299 869 2352 peto
894 2297 1170 2339 Themistocli
1199 2297 1338 2338 libens
1368 2297 1602 2352 impertias.
1634 2296 1741 2339 Vale

218 2365 276 2406 mi
306 2365 608 2407 iucundissime
638 2365 857 2421 magister.
917 2364 1142 2420 Rescripto
1172 2364 1281 2406 nihil
1310 2379 1415 2420 opus
1446 2366 1523 2406 est.

334 2516 350 2545 1
378 2511 501 2547 Codex
525 2524 579 2557 pr.
607 2524 653 2547 m.
682 2519 822 2548 mortuo.

333 2572 352 2602 ε
377 2568 511 2614 Incipit
536 2568 874 2615 Cod.Vat.p.1o4.
911 2569 966 2604 De
982 2568 1180 2614 Apollonio
1207 2560 1452 2604 Chalcedonio
1479 2567 1739 2613 cf.Capit01in.

219 2623 257 2657 in
281 2623 346 2659 Pio
373 2636 401 2659 c.
423 2628 464 2660 10
487 2624 526 2659 in
548 2625 674 2661 Marco
702 2637 730 2660 o.
749 2629 780 2660 2.
801 2629 832 2660 3.
858 2624 896 2659 in
920 2625 1073 2660 Vero‘c.
1093 2630 1123 2660 2.

333 2685 353 2715 3
379 2679 517 2716 Codex:
542 2694 627 2718 sese.
677 2680 845 2717 Correxit
867 2680 1003 2716 Maius,

332 2740 353 2769 4
379 2735 518 2771 Codex:
544 2742 726 2781 voluptate.
776 2737 944 2774 Correxit
967 2738 1096 2773 Maius.

334 2795 354 2826 5
378 2791 477 2836 Ergo
502 2793 589 2828 Asia
612 2793 803 2838 provincia
826 2795 1005 2830 Frontoni
1029 2795 1193 2840 regenda
1217 2794 1377 2830 obvenit.
1426 2797 1552 2831 Maius.

334 2851 354 2881 6
380 2847 465 2882 Cod.
493 2860 561 2883 soc.
589 2862 635 2884 m.
658 2854 817 2894 proprio.
