1968 3158
722 174 987 211 EPISTULAE
1013 174 1249 212 GRAECAB.
1662 176 1747 219 259

162 293 174 298 ’
215 289 283 332 καὶ
312 289 536 342 ὑπέρτερα.
577 287 673 332 ”Εν’
706 289 743 332 τί
771 303 835 332 ςοι
865 290 1018 343 φράςω
1049 291 1158 342 πρὸς
1188 289 1370 338 τούτοις,
1402 290 1428 332 ὃ
1458 290 1526 332 καὶ
1556 290 1605 332 ςὺ
1634 290 1744 342 πρὸς

214 357 318 401 τοὺς
353 356 514 399 ἄλλους
552 357 692 407 λέγων
723 359 899 409 παῖδας,
944 358 1125 401 πιθανὸς
1163 357 1272 402 εἶναι
1310 357 1483 401 δόξειςῖ.
1542 358 1660 401 Εἰκὸς
1697 358 1744 400 δέ

216 437 260 469 ςε
299 425 324 478 ἢ
355 425 472 477 παρὰ
507 426 665 478 μητρὸς
703 426 729 478 ἢ
759 430 848 469 τῶν
887 425 1258 479 ἀναθρεψαμένων
1295 427 1349 478 μὴ
1393 425 1582 478 ἀνήκοον
1618 424 1743 479 εἶναι,

216 492 283 536 ὅτι
311 495 403 536 τῶν
434 492 582 537 ἀνθῶν
613 493 722 537 ἐςτίν
754 494 839 537 τιὸ
860 494 913 547 δὴ
938 495 1015 537 τοῦ
1045 493 1169 545 ἡλίου
1200 494 1277 550 ἐρᾷ
1306 494 1373 536 καὶ
1403 494 1552 548 πάςχει
1582 493 1635 537 τὰ
1654 497 1744 537 τῶν

216 560 446 615 ἐρώντων,
494 561 811 605 ἀνατέλλοντος
855 561 1142 615 ἐπαιρόμενον
1179 562 1246 604 καὶ
1283 562 1582 615 πορευομένου
1621 575 1745 604 κατα·
1800 594 1804 599 .

216 628 551 684 (τρεφόμενον-Ὦἳ
601 630 811 673 δύνοντος
857 630 905 671 δὲ
944 629 1332 683 περιτρεπόμενον’
1382 629 1484 673 ἀλλ’
1521 630 1652 673 οὐδέν
1695 643 1745 680 γε

215 698 379 741 πλέον*
410 697 630 752 ἀπόλλυςι,
663 697 790 740 οὐδὲῦ
821 697 1123 751 εὐμενεςτέρου
1153 700 1347 751 πειρᾶται
1373 698 1442 741 διὰ
1471 698 1549 741 τὸν
1581 698 1747 750 ἔρωτα“

215 768 294 809 τοῦ
323 765 459 818 ἡλίου.
518 765 791 818 Ἀτιμότατον
827 768 937 816 γοῦν
976 766 1086 809 ἐςτὶν
1125 765 1304 820 φυτῶν7
1335 766 1402 808 καὶ
1439 765 1615 809 ἀνθῶν8
1645 766 1746 809 οὔτε

215 833 601 887 εἰς’κὲορταζόντων
632 833 778 876 θαλίας
809 833 906 877 οὔτ’
926 833 999 876 ἐς9
1030 834 1271 887 ςτεφάνους
1301 836 1414 876 θεῶν
1444 835 1469 886 ἢ
1501 834 1746 886 ἀνθρώπων

216 902 675 955 παραλαμβανόμενον.
716 901 897 956 Ἔοικας,
930 903 966 944 ὧ
988 904 1085 954 παῖ,
1117 902 1168 945 τὸ
1199 901 1332 945 ἄνθος
1361 904 1493 944 τοῦτο
1523 903 1626 945 ἰδεῖν
1656 902 1746 944 ἐθέ-

215 972 319 1022 λειν,
352 969 452 1013 ἀλλ’
484 969 621 1020 ἔγωγέ
643 982 707 1012 ςοι
728 969 940 1021 ἐπιδείξω,
970 969 1006 1013 εἰ
1036 970 1162 1013 εὐθὺς
1192 970 1301 1022 πρὸς
1331 970 1408 1013 τὸν
1440 970 1632 1013 Ἰλιςὸν10
1663 969 1748 1022 ἅμα

214 1036 348 1091 ἄμφω
380 1037 631 1090 βαδίςαιμεν.

329 1150 569 1206 Supersunt
598 1164 750 1192 novem
780 1164 948 1205 versus,
988 1164 1166 1206 quorum
1206 1151 1419 1206 scriptura
1450 1165 1622 1207 prorsus
1652 1164 1745 1193 eva-

215 1218 322 1260 nnit.
382 1217 502 1260 Nihil
533 1220 714 1273 apparet
742 1220 914 1274 praeter
944 1218 1192 1260 correctoris
1223 1218 1603 1274 subscriptionem:

865 1326 867 1328 >
881 1302 1087 1341 Feliciler.

330 1462 344 1492 1
373 1456 513 1492 Codex:
545 1457 620 1493 ΗΝ.
697 1457 700 1465 ’”

327 1517 348 1549 2
374 1513 515 1548 Codex:
546 1514 655 1549 δόξει.

328 1574 348 1606 3
372 1569 412 1605 F.
440 1570 804 1614 μεταςτρεφόμενον.
854 1571 1047 1604 Bekkerus.

326 1631 348 1661 4
372 1625 506 1662 Maius:
544 1626 640 1661 ἀλλά
663 1627 705 1668 γ’
729 1626 770 1661 ἐν
785 1629 842 1670 ,γῇ
868 1627 993 1662 πεςόν.
1038 1626 1088 1660 At
1110 1625 1147 1661 in
1172 1625 1307 1660 Codice
1332 1626 1533 1662 invenitur:
1571 1628 1743 1663 ΑΛΛΟΥ-

215 1683 536 1720 ΔΕΝΓΕΠΑΕΟΝ.
583 1682 658 1717 Res
682 1681 879 1717 manifesta
903 1683 971 1717 est.

327 1744 349 1775 ὅ
374 1739 515 1775 Codex:
553 1739 928 1775 ΑΠΟΛΛΥΣΕΙΟΔΕ.

327 1800 348 1831 6
373 1795 516 1831 Codex:
542 1796 701 1839 ἐρῶντα.

328 1857 348 1889 7
374 1852 515 1888 Codex:
541 1852 745 1888 ΕΣΤΙΑΝΦ
772 1880 778 1886 .
800 1880 806 1886 .
827 1881 833 1886 .
864 1852 940 1895 ΗΝ,
965 1851 1031 1887 sed
1056 1852 1084 1887 Α
1110 1862 1267 1888 erasum.

327 1914 348 1946 8
370 1908 498 1945 Prima
520 1908 648 1944 littera
673 1919 779 1943 erasa
801 1907 838 1942 in
865 1907 1009 1943 Codice.

327 1970 347 2002 9
373 1968 400 2002 Σ
425 1977 498 2001 non
523 1964 682 2011 amplius
706 1965 875 2011 apparet.
917 1963 1086 2011 Spatium
1111 1976 1266 2001 vacuum
1291 1975 1364 2000 non
1391 1965 1505 2001 dubia
1530 1967 1742 2002 coniectura-

215 2022 394 2069 supplevi.

307 2084 349 2115 10
372 2079 518 2115 Revera
540 2078 680 2124 legitur
703 2078 742 2114 in
766 2078 902 2114 Codice
927 2079 1027 2125 quod
1052 2078 1154 2114 dedi:
1195 2079 1315 2122 ἔγωγέ
1341 2090 1394 2114 ςοι
1421 2079 1606 2116 ἐπιδείξω.
1632 2080 1742 2115 aliter

213 2136 342 2172 Maius.
391 2135 486 2170 Tum
518 2135 684 2181 sequitur
718 2135 887 2179 Ι1ΧΟΥΣ,
929 2135 1028 2180 quod
1064 2135 1193 2180 scripsi
1230 2136 1263 2171 εἰ
1294 2137 1414 2171 εὐθύς.
1469 2136 1589 2171 Minus
1618 2136 1741 2181 placet

214 2192 430 2228 Buttmanni
452 2193 570 2236 τυχὸν
595 2193 639 2228 εἰ.
689 2192 784 2227 Tum
810 2193 938 2227 Ἰλιςὸν
961 2202 1030 2237 pro
1058 2192 1210 2228 ΙΑΙΣΟΝ
1237 2192 1388 2227 evidens
1413 2193 1625 2227 emendatio
1650 2193 1742 2227 vius-

214 2249 309 2285 dem.
360 2249 564 2285 Iacobsius:
590 2250 704 2294 τάχος
730 2250 825 2293 πρὸς
850 2250 921 2284 τὸν
947 2249 1084 2284 Ἰλιςόν.
