1968 3158
251 182 307 223 24
534 179 581 214 M.
602 175 825 212 conNELu
851 171 1128 209 FuoN'role
1153 171 1496 209 EPISTULARUM

522 291 685 326 Mutatus
710 288 888 324 Polemon
912 298 1030 332 ponas
1053 286 1216 331 insignia
1240 286 1372 329 morbi,

523 345 721 387 Fasciolas,
748 343 898 386 cubital,
923 342 1068 386 focalia,
1091 343 1223 388 potus¹
1249 343 1290 378 ut
1313 343 1375 379 ine

523 402 667 438 Dicitur
691 402 756 436 ex2
782 400 875 435 collo
901 399 1030 434 furtim
1055 399 1235 444 carpsisse
1261 411 1427 443 coronaS,

523 460 725 504 Postquam
751 458 808 493 est
830 455 998 502 inpransi
1023 457 1235 502 correptus³
1259 467 1350 492 voce
1374 458 1555 503 magistri.

366 564 546 617 Versus,
579 577 683 617 quos
714 561 819 602 mihi
850 560 1049 615 miseras,
1092 560 1237 602 remisi
1266 561 1348 602 tibi
1365 552 1455 616 ⁴per
1483 561 1782 604 Victorinum⁴

255 636 466 685 nostrum,
507 633 634 686 atque
671 630 732 671 ita
762 628 927 670 remisi:
975 629 1170 670 chartam
1209 628 1440 684 diligenter
1475 629 1564 671 lino
1600 630 1782 684 transui,

255 704 297 743 et
326 701 387 742 ita
416 699 552 740 linum
582 697 828 753 obsignavi,
862 711 917 738 ne
946 696 1162 738 musculus
1190 697 1271 738 iste
1293 697 1452 753 aliquid
1475 697 1617 752 aliqua
1637 698 1784 740 rimari

256 768 401 824 possit.
462 766 575 808 Nam
614 766 719 807 mihi
756 766 848 820 ipse
886 765 937 806 de
977 765 1063 806 tuis
1100 765 1359 807 hexametris
1398 780 1633 821 numquam
1671 766 1802 822 quic-'

256 851 383 892 quam
421 834 680 890 impertivit:
725 834 787 874 ita
819 834 884 874 est
913 831 1050 874 malus
1081 846 1130 874 ac
1169 832 1426 876 malitiosus:
1474 836 1540 876 set
1569 834 1632 876 ait
1660 835 1704 876 te
1734 834 1786 876 de

255 903 465 945 industria
498 903 581 943 cito
613 904 655 943 et
687 901 842 942 cursim
871 900 1139 942 hexametros
1181 902 1276 943 tuos
1306 901 1508 960 recitare:
1547 916 1595 944 eo
1626 916 1671 944 se
1700 916 1786 944 me—

256 972 414 1014 moriae
460 971 662 1012 mandare
706 983 794 1010 non
831 983 968 1024 posse.
1030 968 1343 1011 Remuneratus
1383 972 1448 1011 est
1484 970 1619 1025 igitur
1657 985 1682 1011 a
1717 985 1786 1012 me

256 1042 417 1081 mutuo.
464 1038 618 1080 Paria⁵
648 1037 792 1091 habet,
825 1051 880 1078 ne
911 1036 1045 1093 ullum
1066 1037 1168 1078 hinc
1189 1052 1362 1079 versum
1383 1038 1562 1079 audiret.
1607 1037 1788 1080 Memini

220 1154 222 1157 .
258 1108 387 1150 etiam
417 1110 459 1149 te
489 1107 749 1161 frequenter,
782 1119 837 1146 ne
869 1105 1070 1160 cuiquam
1099 1119 1244 1147 versus
1275 1107 1371 1146 tuos
1402 1105 1684 1160 ostenderem,
1717 1105 1787 1147 ad—

257 1189 486 1217 monuisse.

374 1253 508 1303 “Quid
539 1255 624 1307 est,
657 1251 872 1294 Domine?
921 1251 1046 1294 Certe
1076 1252 1224 1294 hilaris
1256 1266 1322 1307 es,
1364 1255 1478 1295 certe
1517 1253 1626 1295 bene
1657 1252 1786 1307 vales,

257 1322 445 1364 omnium
496 1336 638 1363 rerum
690 1323 802 1363 certe
848 1335 976 1362 sanus
1024 1335 1082 1362 eS.
1167 1320 1306 1362 Male⁷
1350 1320 1450 1361 dum
1494 1321 1691 1363 similiter
1713 1335 1789 1362 ne

257 1404 458 1445 umquam
506 1403 583 1431 nos
633 1389 856 1444 perturbes
906 1390 955 1430 ut
1003 1388 1139 1430 natali
1189 1390 1263 1430 tuo
1312 1389 1595 1444 perturbasti,
1649 1390 1790 1431 cetera

261 1459 293 1513 [8
341 1460 481 1499 minus
530 1457 690 1499 laboro.
775 1457 821 1500 Εἴ
857 1457 895 1499 τί
934 1471 1010 1499 (σι’
1034 1458 1186 1512 κακόν,
1243 1456 1301 1499 εἰ(
1349 1457 1608 1509 Πυρραίων9
1658 1466 1789 1510 κεφα-

260 1528 348 1578 λήν.
424 1526 555 1580 Vale,
615 1540 758 1567 meum
807 1524 1031 1580 gaudium,
1091 1539 1186 1566 mea
1243 1524 1471 1579 securitas,
1532 1524 1788 1578 hilaritas¹⁰,

259 1594 408 1649 gloria..
470 1593 599 1648 Vale,
640 1595 683 1635 et
719 1607 807 1647 me,
847 1593 1043 1647 obsecro,
1085 1591 1368 1634 omnimode1¹
1410 1607 1524 1634 ames
1570 1606 1653 1647 qua
1697 1591 1791 1634 ioco

260 1677 341 1717 qua
373 1662 494 1703 serio.

372 1741 614 1796 Epistulam
644 1741 771 1782 matri
801 1743 901 1782 tuae
932 1740 1103 1795 scripsi,
1152 1755 1260 1795 quae
1290 1754 1385 1782 mea
1414 1739 1682 1795 impudentia
1712 1740 1789 1793 est,

261 1823 412 1864 graece
444 1824 620 1865 eamque
634 1809 664 1834 ¹2
696 1809 905 1864 epistulae
944 1809 994 1850 ad
1026 1810 1070 1850 te
1101 1807 1285 1850 scribtae
1315 1807 1509 1862 inplicui.
1580 1807 1646 1848 Tu
1675 1806 1792 1862 prior

260 1877 375 1932 lege:
408 1880 450 1919 et
481 1878 516 1919 si
547 1878 640 1933 quis
670 1877 846 1918 inerit¹3
877 1876 1181 1930 barbarismus,
1214 1878 1275 1930 tu,
1309 1876 1382 1931 qui
1403 1891 1428 1917 a
1449 1875 1614 1931 graecis
1635 1875 1792 1916 litteris

263 1945 474 1986 recentior
500 1960 558 1999 es,
593 1945 771 2001 corrige,
813 1947 939 2000 atque
977 1944 1038 1986 ita
1075 1944 1204 1985 matri
1242 1943 1390 1986 redde:
1431 1943 1530 1985 nolo
1573 1943 1688 1985 enim
1725 1957 1792 1984 me

333 2193 335 2196 Ι
380 2152 395 2181 1
423 2147 561 2183 Codex:
584 2156 716 2193 postus.

378 2208 398 2238 2
423 2204 538 2241 Deest
562 2205 599 2239 in
626 2205 769 2241 Codice.

379 2267 398 2296 3
424 2260 530 2296 Cod.:
556 2269 750 2306 corruptus.

378 2321 398 2351 4
423 2317 587 2351 Aufidius
610 2318 821 2353 Victorinus
838 2317 956 2354 Marci
981 2317 1252 2362 condiscipulus
1276 2316 1355 2359 fuit,
1381 2316 1428 2351 ab
1454 2327 1572 2360 eoquo
1596 2314 1794 2360 praecipue

268 2373 433 2409 dilectus.
474 2373 630 2419 Capitol.
658 2375 719 2410 vit.
751 2386 779 2410 e.
800 2381 830 2410 3.
872 2378 996 2412 Maius.
1042 2373 1275 2409 Ecksteinius
1300 2372 1456 2412 mavulta
1474 2375 1602 2426 ¹rimari
1621 2377 1750 2416 posset.

379 2434 399 2465 5
425 2429 513 2465 Cod.
539 2431 612 2465 PA.
638 2431 664 2466 I.

379 2491 399 2520 6
423 2487 514 2521 Post
539 2488 711 2532 spatium.

381 2547 398 2578 7
424 2543 674 2593 Heindorfius:
707 2547 803 2580 Vale.

380 2603 400 2633 8
426 2599 559 2644 Incipit
585 2599 671 2635 Cod.
698 2600 869 2635 Ambros.
897 2613 933 2645 p.
952 2605 1005 2636 56.

381 2660 401 2690 9
427 2655 513 2691 Cod.
539 2657 712 2691 ΠΥΡΡΥ.
763 2658 807 2692 cf.
834 2657 970 2692 Zenob.
997 2669 1100 2702 prov.
1128 2661 1205 2692 302.
1255 2655 1423 2691 Correxit
1446 2655 1704 2689 Buttmannus.

361 2716 401 2746 10
427 2711 504 2746 Sec.
532 2724 579 2746 m.

362 2771 400 2800 11
429 2769 470 2802 cf.
497 2768 647 2803 Lachm.
674 2768 814 2804 Comm.
842 2770 880 2804 in
902 2770 1048 2805 Lucret.
1075 2782 1110 2814 p.
1133 2773 1207 2804 101.

365 2826 402 2855 12
430 2822 534 2857 Cod.:
561 2838 721 2869 eamquae
747 2827 785 2860 et
809 2837 899 2861 corr.
929 2839 1001 2861 eam
1027 2834 1114 2863 tuae.

364 2881 403 2911 13
430 2878 517 2913 Cod.
545 2884 623 2914 insit
647 2882 684 2916 et
709 2892 801 2916 corr.
827 2885 942 2919 inerit.
