1968 3158
0 387 16 666 --WW,-„.-.-
0 297 7 361 ..,,,
0 220 5 276 w..

489 175 555 211 AD
580 175 628 212 M.
656 174 913 212 CAESAREM
939 176 1001 212 ΕΤ
1027 177 1233 213 INVICEM
1257 177 1402 213 LIBER
1427 177 1453 212 Ι.
1703 180 1754 222 15

203 292 340 348 patris
359 290 535 333 tabulae
558 292 824 347 aperiantur.
857 292 977 334 Idem
998 292 1087 335 filia
1109 293 1360 348 postulabit,
1377 307 1525 348 ηεροδ,
1546 293 1749 349 abnepos,

201 349 359 415 frater,
408 360 713 416 consobrinus,
765 363 968 416 patruus,
1003 361 1263 416 avunculus,
1306 362 1460 416 amita,
1502 364 1749 417 matertera,

203 430 348 472 omnia
378 429 747 471 necessitudinum
777 430 955 471 nomina
986 428 1067 471 hoc
1108 430 1383 486 privilegium
1421 430 1651 487 invadent,
1703 434 1753 473 ut

201 498 372 540 tabulas
405 497 562 553 aperiri
583 499 745 552 vetent,
778 498 862 554 ipsi
882 498 1151 553 possessione
1172 499 1264 540 iure
1286 499 1512 555 sanguinis
1533 499 1750 543 fruantur.

202 565 343 611 Causa
373 566 557 622 denique
578 565 763 608 Romam
792 566 994 608 remissa¹
1029 566 1131 622 quid
1162 567 1362 609 eveniet?
1392 567 1570 611 heredes
1599 569 1751 624 scripti

200 635 487 692 navigabunt,
521 633 770 676 exheredati
791 636 936 676 autem
955 635 1003 676 in
1022 635 1292 690 possessione
1313 637 1614 692 remanebunt,
1638 637 1751 679 diem

201 704 253 747 de
274 704 342 747 die
363 704 536 758 ducent,
569 702 797 745 dilationes
824 705 1023 759 petentes
1058 703 1090 758 {²
1118 703 1213 746 fora
1241 704 1372 746 variis
1401 705 1750 748 excusationibus

198 772 391 814 trahent.
451 771 634 827 Hiemps
666 773 731 814 est
762 774 805 814 et
838 772 1042 815 crudum3
1073 787 1191 814 mare
1223 772 1453 815 hibernum
1485 776 1569 828 est3
1602 775 1750 816 adesse

198 855 288 883 non
318 840 474 896 potuit.
537 839 624 882 Ubi
654 841 822 896 hiemps
853 841 1150 896 praeterierit,
1184 856 1342 884 vernae
1373 844 1654 897 tempestates
1684 844 1748 885 in—

201 911 343 951 certae
375 911 418 951 et
448 908 603 951 dubiae
633 911 826 963 moratae
858 912 973 952 sunt.
1030 909 1119 951 Ver
1150 911 1348 952 exactum
1379 913 1463 965 est3
1510 914 1651 953 aestas
1684 915 1750 954 est

201 977 339 1020 calida
378 980 422 1020 et
452 977 514 1020 sol
552 968 955 1034 navigantis4'urit
993 980 1036 1021 et
1074 978 1201 1020 homo
1241 982 1437 1021 nauseat.
1500 980 1748 1022 Autumnus

199 1047 413 1103 sequitur3
457 1060 586 1102 poma
618 1046 936 1102 culpabuntur⁵
969 1049 1012 1090 et
1042 1047 1228 1104 languor
1259 1047 1547 1090 excusabitur.
1608 1049 1749 1105 Fingo

198 1115 306 1158 haec
338 1117 382 1158 et
413 1114 749 1158 comminiscor?
778 1115 938 1172 quid6‘?
968 1116 1016 1158 in
1043 1116 1126 1158 hac
1159 1130 1286 1158 causa
1317 1131 1464 1159 nonne
1495 1116 1577 1159 hoc
1607 1118 1749 1172 ipsum

174 1235 176 1237 γ
199 1184 374 1227 evenit?
418 1183 505 1226 Ubi
537 1186 602 1226 est
633 1185 916 1240 adversarius⁷
949 1186 1023 1241 qui
1052 1185 1310 1240 iampridem
1341 1185 1394 1227 ad
1415 1185 1630 1241 agendam
1652 1200 1747 1228 cau-

199 1267 291 1295 sam
321 1252 469 1295 adesse
500 1252 738 1295 debuerat?
797 1253 883 1309 „In
912 1253 1068 1296 itinere
1100 1255 1214 1296 est.“
1275 1253 1366 1304 Quo
1396 1254 1573 1296 tandem
1603 1254 1650 1296 in
1679 1254 1748 1297 iti-

197 1321 332 1364 nere?
382 1321 481 1376 „Ex
512 1320 645 1363 Asia⁷
676 1323 847 1364 venit.“
891 1322 956 1365 'Et
986 1325 1052 1365 est
1082 1322 1222 1365 adhue
1252 1323 1299 1365 in
1330 1322 1450 1366 Asia.
1504 1323 1748 1379 ⁷‚Magnum

197 1390 282 1432 iter
312 1392 356 1433 et
384 1389 690 1433 festinatumf‘
736 1390 987 1434 Navibusne
1019 1407 1076 1433 an
1097 1393 1215 1447 equis
1238 1406 1294 1433 an
1316 1391 1620 1448 diplomatibus
1642 1392 1749 1434 facit

197 1458 306 1501 haec
335 1461 426 1501 tam
455 1459 619 1501 velocia
650 1459 843 1502 statiba‘?
888 1459 996 1503 Cum
1024 1460 1202 1503 interim
1233 1461 1481 1517 cognitione
1511 1461 1744 1516 proposita,

197 1527 331 1570 semel
362 1542 387 1570 a
415 1529 481 1582 te,
530 1527 708 1583 Caesar,
756 1529 894 1584 petita
933 1529 1106 1571 dilatio8
1145 1532 1188 1571 et
1226 1529 1479 1585 impetrata:
1525 1529 1747 1585 proposita

199 1596 448 1653 cognitione
479 1611 663 1652 rursum,
698 1612 723 1638 a
743 1600 786 1639 te
809 1597 940 1639 duum
960 1598 1175 1640 mensium
1195 1598 1358 1653 petita9
1391 1598 1540 1640 dilatio
1553 1599 1600 1640 ¹⁰.
1650 1598 1746 1640 Duo

198 1679 368 1718 menses
400 1665 541 1707 exacti
573 1667 676 1724 sunt
704 1665 847 1708 idibus
868 1662 1083 1722 *proximis
1115 1668 1159 1708 et
1189 1666 1278 1708 dies
1309 1667 1440 1708 medii
1470 1666 1543 1708 isti
1566 1667 1743 1722 aliquot.

197 1732 335 1776 Venit
363 1732 572 1775 tandem?
623 1732 668 1776 Si
699 1734 891 1776 nondum
921 1735 1054 1790 venit,
1093 1734 1182 1776 at¹¹
1215 1735 1370 1776 saltem
1397 1735 1746 1791 adpropinquat?

198 1802 234 1844 si
264 1802 458 1844 nondum
489 1801 808 1858 adpropinquat
823 1802 866 1858 ¹²,
901 1805 946 1845 at
961 1803 991 1829 ¹3
1022 1803 1176 1846 saltem
1206 1804 1426 1859 profectus
1448 1819 1499 1846 ex
1521 1803 1627 1847 Asia
1649 1804 1746 1846 est?

474 1905 496 1931 R

291 1943 309 1974 1
336 1939 445 1974 Cod.:
470 1938 702 1984 EMISSAco,
729 1951 836 1976 erasa
859 1940 1053 1987 postrema
1076 1941 1198 1977 litera.

288 2000 308 2032 2
334 1996 470 2042 Incipit
494 1995 583 2032 Cod.
609 1996 781 2032 Ambros.
807 2010 843 2044 p.
863 2002 917 2033 92.

289 2060 310 2090 3
334 2053 510 2099 Legerim
535 2057 668 2089 dudum.
707 2057 942 2099 Heindorfizcs.

287 2115 309 2146 4
333 2111 392 2147 Ita
417 2109 551 2146 Codex.

288 2172 309 2204 5
333 2168 389 2203 Ne
414 2167 496 2214 quis
521 2168 695 2204 messium
721 2170 759 2205 et
775 2168 1049 2206 vindemiarum
1072 2171 1244 2217 tempore
1270 2172 1469 2216 cogeretur
1494 2172 1543 2207 ad
1566 2172 1743 2208 iudicium

197 2225 336 2270 venire,
361 2224 531 2262 oratione
557 2225 633 2261 divi
655 2226 776 2262 Marci
794 2226 951 2263 cautum
977 2228 1042 2263 est.
1091 2227 1234 2274 Digest.
1262 2229 1306 2264 II.
1329 2233 1380 2265 12.
1403 2233 1432 2265 1.
1460 2232 1587 2265 Maius.

288 2286 309 2318 6
335 2281 395 2318 Sic
418 2282 643 2318 Niebuhrius
668 2284 883 2320 emendavit
907 2283 995 2320 Cod.
1021 2285 1220 2322 lectionem
1245 2291 1334 2332 quia.

289 2344 309 2376 7
335 2339 428 2376 Cum
457 2340 598 2376 Fronto
630 2340 678 2376 ad
708 2341 844 2376 Anton.
879 2341 986 2376 Pium
1016 2342 1084 2388 Ep.
1103 2343 1191 2378 VIII
1221 2355 1352 2379 causas
1385 2355 1422 2379 se
1455 2343 1610 2379 Cilicum
1642 2344 1743 2389 apud

196 2397 470 2444 Imperatorem
494 2409 608 2444 agere
626 2397 738 2443 dicat,
762 2398 850 2435 inde
875 2399 977 2435 haud
1002 2400 1165 2435 absurde
1180 2394 1355 2436 coniicias
1375 2413 1535 2445 causam,
1562 2412 1657 2446 quae
1682 2401 1742 2436 hic

197 2456 343 2499 agatur,
368 2455 417 2491 ad
442 2454 609 2491 Ciliciam
631 2455 832 2502 pertinere.
876 2459 1092 2493 Niebuhr-ius.

288 2515 310 2548 8
336 2510 464 2547 Scribe
495 2523 578 2547 eum
602 2512 836 2549 Heindorfio:
868 2518 979 2559 petila
1012 2519 1131 2551 dilatio
1164 2523 1216 2551 est
1248 2524 1281 2551 ec
1314 2521 1517 2561 impetratu:
1556 2520 1742 2561 proposita

197 2572 388 2614 cognitione
413 2582 556 2610 rursum,
582 2583 716 2605 rursum
740 2584 762 2605 a
786 2578 818 2605 te
845 2574 943 2606 (luam
967 2576 1123 2608 mensium
1146 2578 1256 2618 petita
1283 2577 1413 2608 dilatio.

288 2630 308 2661 9
332 2624 452 2661 Maius
475 2625 570 2671 legit
590 2630 731 2671 petitur.

267 2686 310 2719 10
332 2682 388 2718 De
421 2682 662 2719 dilationibus
692 2683 895 2720 iudiciariis
926 2697 949 2722 a
971 2686 1099 2722 Marco
1126 2687 1308 2722 concessis
1338 2686 1481 2732 Digest.
1508 2687 1553 2722 ΙΙ.
1577 2691 1632 2722 12;
1650 2692 1667 2723 7
1702 2689 1738 2724 et

168 2749 171 2754 ·
196 2739 320 2776 Aurel.
346 2740 443 2776 Vict.
469 2740 509 2775 in
534 2739 636 2777 Caes.
663 2741 778 2777 Marc.
805 2743 844 2778 et
866 2742 952 2779 Ver.
996 2746 1122 2780 Maius.

267 2800 308 2832 11
335 2795 423 2832 Ood.
451 2802 508 2835 ad.
555 2798 676 2834 Maius
703 2798 890 2835 omiserat.

268 2858 308 2889 12
335 2856 462 2890 Saltem
488 2876 528 2881 —-
555 2860 813 2902 adpropinquat
839 2869 862 2893 a
886 2869 955 2893 sec.
983 2870 1030 2893 m.
1058 2858 1144 2894 intr.
1170 2858 1232 2894 lin.

266 2915 308 2948 13
332 2911 387 2947 De
413 2912 627 2950 coniectura
652 2913 790 2951 addidi.
