1968 3158
779 122 1157 160 PROLEGOMENA.
1617 138 1752 168 XXXV

614 237 911 283 Capitolinus
941 237 986 272 in
1010 237 1161 274 Marco
1188 237 1278 284 Cap.
1305 242 1338 276 2.

317 295 573 339 Oratoribus
604 310 706 338 usus
739 298 804 338 est
826 295 1038 351 (Marcus)
1061 295 1239 338 Graecis
1272 296 1436 338 Aninio
1466 296 1636 352 Marco,
1673 296 1751 340 Ca-

197 353 320 396 ninio
343 352 490 396 Celere
522 356 566 395 et
586 352 757 395 Herode
779 352 948 407 Attico;
980 353 1138 395 Latino
1160 353 1379 396 Frontone
1411 353 1625 397 Cornelio.
1668 353 1753 397 Sed

197 410 383 453 multum
408 425 459 452 ex
481 410 549 452 his
576 409 787 452 Frontoni
812 409 981 464 detulit,
1009 410 1078 451 cui
1094 412 1137 452 et
1161 411 1350 453 statuam
1371 411 1417 453 in
1434 413 1590 454 senatu
1609 411 1751 467 petiit.

725 488 847 524 Idem
870 488 915 523 in
939 487 1056 523 Vero
1083 487 1172 535 Cap.
1200 494 1232 527 2.

314 548 495 590 Audivit
534 547 711 604 (Verus)
750 545 944 588 rhetores
985 545 1176 588 Graecos
1208 547 1509 603 Apollonium,
1558 549 1751 592 Celerem

199 604 447 660 Caninium,
479 603 696 647 Herodem
716 602 929 657 Atticum,
962 602 1168 645 Latinum
1190 603 1438 647 Cornelium
1468 605 1750 649 Frontonem.

199 662 292 704 Hos
323 676 472 704 omnes
503 660 666 703 amavit
703 660 831 702 unice
869 662 999 715 atque
1040 660 1094 701 ab
1133 660 1200 703 his
1238 661 1425 704 invicem
1456 663 1638 706 dilectus
1670 667 1748 707 est.

679 738 907 774 Minucius
931 738 1061 775 Felix
1086 739 1178 786 Cap.
1204 740 1269 777 IX.

313 798 373 841 Et
403 798 454 840 de
486 797 682 840 convivio
712 799 865 839 notum
897 799 981 852 est,
1015 798 1179 852 passim
1210 812 1359 841 omnes
1390 799 1642 855 loquuntur.
1700 801 1751 843 Id

199 856 332 899 etiam
363 855 573 899 Cirtensis
603 854 742 897 nostri
781 856 968 896 testatur
998 855 1151 897 oratio.

770 933 895 969 Idem
927 932 1016 979 Cap.
1041 933 1174 972 XXXI,

315 992 386 1036 Sic
417 993 469 1034 de
499 992 583 1034 isto
616 991 850 1047 (convivio)
890 993 933 1033 et
963 993 1064 1033 tuus
1095 991 1258 1034 Fronto
1295 1006 1385 1034 non
1422 995 1471 1035 ut
1510 994 1750 1037 affirmator

196 1050 496 1093 testimonium
524 1049 644 1104 fecit,
678 1049 752 1091 sed
785 1049 1026 1091 convicium
1056 1051 1106 1090 ut
1136 1051 1281 1091 orator
1312 1051 1511 1105 aspersit.

415 1139 662 1176 Eumenius
687 1139 732 1174 in
755 1139 1045 1184 Panegyrico
1072 1139 1339 1176 Constantii
1365 1139 1455 1187 Cap.
1485 1145 1538 1177 14.

312 1210 475 1252 Fronto
506 1208 729 1251 Romanae
761 1207 1034 1264 eloquentiae
1065 1222 1155 1250 11011
1187 1210 1424 1252 secundum
1455 1211 1530 1253 sed
1561 1211 1746 1254 alterum

197 1267 341 1322 decus,
376 1281 473 1309 cum
503 1266 606 1308 belli
635 1266 682 1308 in
704 1265 937 1307 Britannia
959 1265 1147 1308 confecti
1178 1266 1350 1309 laudem
1371 1267 1600 1310 Antonino
1629 1269 1749 1325 prin-

198 1324 284 1380 cipi
315 1324 451 1378 daret,
484 1323 680 1379 quamvis
701 1322 773 1365 ille
803 1322 851 1365 in
871 1322 967 1378 ipso
989 1322 1120 1365 Urbis
1141 1322 1312 1366 Palatio
1343 1325 1537 1379 residens
1568 1327 1750 1382 gerendi

197 1381 288 1424 eius
318 1381 569 1423 mandasset
599 1380 860 1436 auspicium,
904 1380 1039 1423 veluti
1077 1381 1235 1437 longae
1273 1382 1398 1424 navis
1443 1383 1750 1439 gubernaculis

197 1439 518 1481 dracsidentem
555 1438 689 1480 totius
719 1437 1022 1480 velificationis
1062 1440 1105 1480 et
1144 1453 1293 1480 cursus
1325 1439 1510 1495 gloriam
1540 1442 1749 1482 meruisse

195 1498 383 1538 testatus
414 1498 490 1538 est.

373 1574 602 1610 Ausonius
626 1574 672 1609 in
697 1574 964 1610 Gratiarum
987 1574 1185 1611 Actione
1217 1574 1339 1610 circa
1363 1575 1570 1611 medium.

310 1642 454 1686 Unica
491 1642 600 1685 mihi
640 1643 941 1698 amplectenda
979 1646 1045 1685 est
1082 1643 1316 1686 Frontonis
1361 1645 1568 1687 imitatio:
1619 1661 1747 1701 quem

195 1703 343 1743 tamen
374 1700 565 1757 Augusti
595 1701 855 1757 magistrum
884 1701 947 1742 sic
979 1701 1226 1743 consulatus
1256 1701 1449 1756 ornavit,
1493 1704 1542 1744 ut
1580 1704 1747 1758 praefe-

198 1760 322 1801 ctura
352 1772 442 1800 non
474 1758 684 1814 cingeret.
728 1756 812 1800 Sed
843 1757 1092 1801 consulatus
1123 1758 1197 1800 ille
1229 1758 1499 1801 cuiusmodi?
1529 1761 1748 1803 ordinario

195 1815 422 1869 suffectus,
462 1814 659 1857 bimestri
698 1815 839 1870 spatio
876 1815 1182 1870 interpositus,
1225 1815 1272 1857 in
1319 1818 1440 1858 sexta
1479 1817 1585 1859 anni
1622 1820 1747 1872 parte

197 1875 497 1927 consumptus:
539 1872 832 1927 quaerendum
871 1874 921 1914 ut
950 1873 1174 1928 reliquerit
1204 1874 1355 1914 tantus
1386 1876 1551 1928 orator,
1593 1875 1747 1929 quibus

197 1929 445 1972 consulibus
477 1930 662 1986 gesserit
693 1928 978 1971 consulatum.
1040 1929 1156 1972 Ecce
1196 1930 1311 1971 aliud
1343 1931 1456 1986 quod
1487 1930 1643 1987 aliquis
1674 1946 1746 1987 op-

194 1988 344 2042 ponat.
394 1986 449 2028 In
479 1986 593 2028 tanti
622 1987 667 2028 te
698 2000 802 2042 ergo
833 1986 1016 2028 oratoris
1046 1986 1275 2044 fastigium
1305 1987 1518 2043 gloriosus
1551 1989 1747 2031 attollis?

196 2044 264 2086 cui
294 2043 402 2086 talia
422 2043 662 2099 requirenti
682 2043 952 2098 respondebo
982 2044 1192 2087 breviter:
1224 2059 1314 2087 non
1337 2059 1418 2100 ego
1438 2059 1507 2087 me
1530 2047 1746 2088 contendo

193 2100 418 2156 Frontoni,
452 2100 527 2143 sed
558 2100 786 2143 Antonino
816 2101 1014 2155 praefero
1046 2100 1321 2144 Gratianum.

641 2190 905 2226 Macrobius
931 2190 1165 2230 Saturnal.
1190 2192 1234 2236 V,
1262 2197 1292 2227 1.

309 2247 502 2298 Quatuor
539 2250 643 2290 sunt
679 2262 843 2304 genera
880 2249 1048 2291 dicendi
1062 2266 1071 2292 ε
1125 2250 1345 2306 copiosum
1354 2283 1365 2305 ,
1398 2250 1446 2291 in
1477 2265 1560 2306 quo
1593 2251 1742 2294 Cicero

125 2327 129 2331 ·
194 2305 462 2348 dominatur:
501 2305 652 2359 breve,
684 2305 732 2347 in
770 2320 854 2361 quo
893 2305 1124 2349 Sallustius
1161 2309 1341 2363 regnat:
1404 2307 1589 2362 siccum,
1631 2309 1743 2363 quod

193 2361 714 2404 Frontoni'adscribitur:
759 2363 924 2419 pingue
956 2366 1000 2405 et
1030 2363 1252 2418 floridum,
1285 2364 1333 2405 in
1364 2379 1447 2419 quo
1469 2364 1638 2406 Plinius
1671 2365 1743 2407 Se-

196 2419 360 2460 cundus
392 2419 632 2474 quondam,
673 2421 716 2461 et
746 2434 865 2462 nunc
895 2420 1016 2462 nullo
1046 2423 1241 2463 veterum
1271 2421 1412 2462 minor
1442 2424 1591 2463 noster
1623 2421 1742 2477 Sym-

193 2474 372 2517 machus
401 2475 659 2518 luxuriatur.

194 2552 475 2589 Claudianus
510 2553 754 2589 Mamertus
787 2555 917 2600 epist.
949 2556 1004 2591 ad
1036 2556 1298 2602 Sepaudum
1328 2557 1564 2592 rhetorem
1588 2557 1739 2593 Baluz.

582 2598 772 2635 miscell.
801 2601 864 2636 ed.
896 2601 1038 2637 Paris.
1064 2604 1090 2637 t.
1117 2602 1181 2637 VI.
1207 2614 1244 2648 p.
1271 2607 1348 2638 535.

306 2667 497 2710 Naevius
529 2670 572 2710 et
602 2667 781 2710 Plautus
810 2669 893 2711 tibi
924 2670 978 2712 ad
1009 2670 1294 2726 elegantiam,
1329 2670 1436 2713 Cato
1468 2671 1522 2712 ad
1552 2672 1740 2727 gravita-

193 2727 295 2779 tem,
327 2724 467 2767 Varro
489 2725 542 2767 ad
563 2725 778 2781 peritiam,
813 2725 1036 2768 Gracchus
1068 2728 1120 2769 ad
1143 2727 1438 2783 acrimoniam,
1472 2727 1740 2784 Chrysippus

194 2782 248 2823 ad
279 2781 575 2837 disciplinam,
615 2782 778 2824 Fronto
819 2784 873 2825 ad
910 2798 1134 2840 pompam,
1177 2783 1325 2828 Cicero
1364 2785 1417 2826 ad
1449 2785 1739 2840 eloquentiam

194 2839 502 2894 capessendam
531 2840 628 2881 usui
660 2839 760 2882 sint.
