1968 3158
429 181 494 220 AD
519 180 567 220 Μ.
587 179 847 220 CAESAREM
871 179 934 218 ΕΤ
960 178 1165 217 INVICEM
1188 178 1334 217 LIBER
1358 178 1419 216 III.
1640 182 1694 224 41

156 303 306 356 torem,
339 302 427 344 sive
459 301 664 343 audacem
695 299 933 356 puerulum,
966 299 1057 341 siue
1089 298 1331 341 adversario
1354 299 1428 339 tuo
1449 296 1695 339 benivolen-

155 371 309 413 tiorem
340 384 432 412 esse
462 369 749 424 existimabis3
780 383 869 411 non
900 370 1141 424 propterea,
1174 368 1285 423 quod
1316 367 1473 409 rectius
1505 380 1596 408 esse
1631 380 1696 407 ar-

155 439 364 494 bitrabor,
404 438 719 494 pedetemptius
758 437 838 480 tibi
870 435 1104 479 consulam.
1167 435 1250 478 Sed
1287 435 1390 491 quid
1427 435 1515 477 dixi
1547 449 1696 477 consu-

154 507 274 551 lam‘?
303 508 376 564 qui
406 507 451 549 id
481 522 507 549 a
537 509 580 549 te
610 505 780 563 postulo
811 507 855 547 et
884 518 1148 561 magnopere
1178 503 1348 560 postulo
1379 505 1423 546 et
1452 518 1534 558 me,
1567 503 1603 545 si
1633 502 1697 544 in-

155 577 293 633 petro,
326 575 511 633 obligari
541 575 622 618 tibi
652 573 919 630 repromitto.
971 572 1031 615 Et
1061 572 1196 615 dices:
1228 571 1361 628 quid?
1399 572 1435 614 si
1473 571 1697 615 lacessitus

102 699 111 704 ,
154 644 292 700 fuero,
325 659 414 687 non
445 658 543 686 eum
573 642 703 686 simili
735 642 849 684 dicto
879 639 1195 684 remunerabo?
1245 640 1306 682 At
1336 655 1388 682 ex
1419 654 1468 682 eo
1498 640 1579 682 tibi
1610 655 1697 682 ma-

128 713 292 755 ‚iorem
329 712 500 754 laudem
537 710 746 767 quaeris-¹,
789 710 823 752 si
862 724 944 752 nec
981 709 1207 751 lacessitus
1252 709 1482 764 quicquam
1524 723 1700 764 respon-

157 781 283 824 deris.
344 780 507 823 Verum
551 779 587 822 si
630 779 748 835 prior
790 778 971 832 fecerit,
1018 777 1298 833 respondenti
1342 777 1423 818 tibi
1467 779 1698 832 utcumque

155 849 316 906 poterit
351 848 538 905 ignosci:
577 850 627 890 ut
656 849 800 890 autem
830 861 919 889 non
949 845 1182 901 inciperet,
1222 845 1439 900 postulabi
1483 845 1537 887 ab
1575 860 1624 887 eo
1656 847 1699 887 et

155 918 410 974 impetrasse
454 931 523 959 me
570 916 708 959 credo.
778 915 1021 971 Utrumque
1067 913 1183 956 enim
1227 915 1419 956 vestrum
1463 913 1567 969 pro²
1611 914 1699 956 suis

157 1000 368 1042 quemque
398 985 564 1028 meritis
595 984 750 1041 diligo:
790 986 834 1026 et
871 983 960 1026 scio
990 982 1113 1025 illum
1143 982 1315 1038 quidem
1353 982 1400 1024 in
1438 982 1506 1024 avi
1534 982 1618 1025 mei
1648 982 1697 1024 P.

158 1053 359 1098 Calvisii³
391 1054 515 1105 domo
546 1052 761 1095 eruditum
770 1053 800 1107 ⁴,
842 1067 910 1095 me
942 1052 1087 1094 autem
1118 1052 1224 1106 aput
1252 1052 1296 1092 te
1328 1051 1565 1093 eruditum:
1605 1065 1699 1106 pro-

156 1124 305 1179 pterea
335 1122 566 1164 maximam
598 1135 745 1164 curam
774 1121 822 1163 in
852 1119 996 1162 animo
1026 1134 1120 1161 meo
1150 1119 1303 1173 habeo,
1336 1118 1399 1160 uti
1421 1134 1550 1174 quam
1570 1119 1700 1161 hone-

157 1191 344 1233 stissime
374 1191 599 1248 negotium
635 1189 751 1232 istud
795 1188 1113 1231 odiosissimum
1148 1187 1434 1244 transigatur.
1498 1187 1614 1242 Opto
1653 1189 1703 1229 ut

159 1259 386 1303 consilium
418 1259 675 1314 conprobes‚
708 1273 811 1300 nam
841 1257 1110 1299 voluntatem
1149 1255 1353 1312 probabis
1365 1255 1395 1297 5.
1457 1255 1554 1312 Ego
1587 1257 1701 1298 certe

156 1327 326 1370 minus⁶
356 1328 576 1383 sapienter
604 1327 744 1383 magis
775 1326 1000 1381 scripser0‚
1034 1340 1163 1382 quam
1183 1325 1326 1367 minus
1349 1325 1484 1367 amice
1509 1326 1698 1366 tacuero.

157 1395 280 1451 Vale,
313 1396 373 1438 mi
403 1395 565 1439 Fronto
597 1395 816 1439 carissime
847 1396 890 1436 et
921 1394 1192 1436 amicissime.

463 1567 562 1610 ΙΙΙ.
603 1566 807 1611 Domino
839 1566 940 1609 Meo
974 1565 1167 1609 Caesari
1198 1565 1398 1609 Fronto.

273 1670 428 1720 Merito
469 1684 550 1726 ego
587 1684 655 1711 me
692 1670 842 1711 devovi
880 1669 982 1722 tibi,
1032 1668 1186 1710 merito
1223 1668 1390 1710 fructus
1428 1669 1543 1709 vitae
1582 1681 1702 1709 meae

159 1739 298 1781 omnis
329 1739 376 1780 in
405 1741 448 1780 te
480 1753 530 1780 ac
552 1740 628 1780 tuo
658 1739 838 1793 parente
860 1737 1078 1779 constitui.
1113 1735 1224 1786 Quid
1250 1736 1342 1778 fieri
1375 1736 1568 1790 amicius,
1601 1735 1703 1791 quid

159 1807 402 1862 iucundius,
435 1807 538 1862 quid
558 1806 700 1848 verius
720 1805 894 1861 potest‘?
930 1805 1068 1847 Aufer
1089 1805 1187 1859 ista,
1220 1805 1409 1859 obsecro,
1444 1802 1704 1859 „puerulum

160 1875 400 1917 audacem“
447 1878 522 1917 aut
568 1874 873 1930 „temerarium
930 1873 1266 1916 consultorem«.
1343 1872 1588 1914 Periculum
1639 1873 1705 1913 est

160 1943 290 1999 plane
335 1958 391 1986 ne
434 1946 483 1986 tu
529 1944 758 1999 quicquam
806 1942 1030 1998 pueriliter
1075 1942 1174 1983 aut⁷
1218 1940 1463 1983 inconsulte
1501 1940 1701 1982 suadeas!

161 2011 268 2054 Mihi
292 2012 429 2066 crede,
463 2012 499 2053 si
519 2014 567 2054 tu
588 2011 672 2066 vis;
705 2011 740 2053 si
768 2011 925 2065 minus,
959 2012 1130 2066 egomet
1150 2009 1257 2052 mihi
1280 2009 1463 2062 credam,
1488 2008 1704 2050 seniorum

162 2096 186 2122 a
225 2082 269 2123 te
307 2080 581 2136 prudentiam
620 2079 881 2135 exsuperari.
943 2078 1140 2134 Denique
1170 2079 1218 2120 in
1247 2078 1330 2120 isto
1366 2078 1543 2133 negotio
1581 2079 1704 2118 tuum

162 2149 389 2191 consilium
428 2163 584 2190 canum
629 2150 674 2190 et
710 2162 864 2203 grave,
915 2162 1058 2189 meum
1107 2161 1207 2188 vero
1257 2146 1420 2201 puerile
1471 2146 1701 2201 deprendo.

166 2216 277 2267 Quid
309 2217 425 2260 enim
454 2231 560 2272 opus
589 2218 655 2258 est
683 2216 829 2271 aequis
861 2218 904 2258 et
933 2215 1095 2271 iniquis
1117 2214 1412 2270 spectaculum
1443 2213 1705 2269 praebereW

279 2403 295 2434 l
320 2399 464 2435 Malim:
491 2412 647 2445 quaeres.

277 2461 296 2491 2
321 2456 417 2491 Add.
445 2467 516 2491 sec.
543 2468 590 2490 m.
622 2476 659 2482 —
688 2455 836 2498 Quanta
859 2454 1045 2500 patientia
1067 2449 1271 2490 Herodem'
1287 2453 1417 2488 tulerit
1440 2452 1598 2495 Marcus,
1622 2463 1705 2486 nar-

164 2513 224 2548 rat
248 2512 496 2548 Philostratus
520 2512 559 2547 in
582 2511 671 2547 vita.
721 2515 849 2548 Maius.

279 2574 299 2605 3
323 2569 446 2605 Patris
470 2568 657 2604 Domitiae
683 2567 871 2603 Calvillae.
921 2571 1047 2603 Maius.

277 2630 299 2661 4
323 2626 470 2662 Malim:
497 2629 682 2661 educatum.

279 2688 300 2719 5
325 2682 414 2718 Cod.
440 2695 495 2729 pr.
522 2695 589 2717 m.:
616 2685 852 2727 conprobabis.

279 2744 300 2775 6
325 2740 367 2774 Ι11
393 2738 528 2775 Codice
560 2740 618 2774 est
648 2738 775 2784 glossa
804 2738 1071 2782 interlinearis,
1110 2750 1223 2783 quam
1255 2737 1431 2783 expedire
1462 2736 1602 2772 amicus
1632 2747 1706 2771 non

157 2796 299 2843 potuit.

281 2858 300 2889 7
326 2853 420 2889 Add.
449 2865 521 2889 sec,
548 2866 595 2888 m.

282 2914 303 2946 8
329 2909 417 2946 Cod.
442 2922 497 2956 pr.
524 2922 571 2945 m.
599 2913 736 2945 dehere.
