1968 3158
246 174 307 218 ⁴30
532 175 579 209 M.
599 173 822 207 CORNELII
848 171 1123 206 FRONTONIS
1149 171 1489 207 EPISTULARUM

251 288 479 344 platanus¹
511 286 755 326 umbrosa-⁶²:
798 284 945 325 'omnia
982 275 1049 325 ad.
1067 298 1189 340 usum
1218 285 1356 340 magis
1400 299 1527 340 quam
1565 285 1618 326 ad
1655 285 1769 327 volu-

250 359 426 410 ptatem,
459 367 647 407 quaeque
677 352 837 406 magis2
867 351 1040 393 laudare
1071 354 1287 407 oporteat,
1327 367 1471 394 amare
1501 367 1588 394 non
1617 352 1767 394 libeat.

251 423 419 463 satisne
457 434 536 474 ego
568 419 717 460 audaci
749 419 924 461 consilio
955 421 998 461 et
1023 419 1180 461 iudicio
1202 419 1429 461 temerario
1459 419 1641 474 videar3,
1676 434 1771 461 cum

249 490 299 529 de
329 490 475 529 tantae
506 486 668 541 gloriae
698 486 789 527 viro
818 484 1046 543 existimo?
1083 486 1165 528 Sed
1186 487 1336 542 quom⁴
1366 501 1435 528 me
1462 487 1660 529 recordor
1688 487 1768 528 tibi

248 556 443 608 scribere,
477 554 617 594 minus
648 568 715 595 me
746 554 898 595 audere
928 569 1055 609 quam
1083 556 1131 596 tu
1162 555 1266 596 velis
1297 555 1522 596 arbitror.⁵

494 632 597 673 Nos
634 632 763 674 istic
800 630 1142 675 vehementer
1174 634 1520 675 aestuamus.6

358 711 503 753 Habes
543 712 611 752 et⁷
642 711 1044 767 hendecasyllabum
1073 712 1322 768 ingenuum.
1354 712 1495 768 Igitur
1523 714 1770 768 priusquam

245 779 442 834 poetareS
472 778 645 832 incipio,
678 781 868 833 pausan9
898 781 1039 821 tecum
1060 779 1186 821 facio.
1231 779 1353 834 Vale,
1380 780 1768 824 desiderantissime

245 848 369 888 homo
409 848 451 886 et
479 847 553 886 tuo
583 845 697 887 Vero
715 846 744 872 ¹⁰
777 846 1008 901 carissime,
1049 847 1192 888 consul
1240 847 1520 903 amplissime,
1562 850 1769 904 magister

245 914 497 955 dulcissime.
559 913 667 955 Vale
696 914 755 954 mi
786 928 965 968 semper,
999 914 1142 956 anima
1172 914 1429 956 dulcissima.

530 981 537 995 .

302 1071 382 1115 vl.
427 1071 487 1113 M.
510 1069 740 1113 Aurelius
771 1071 942 1182 Gaesgr
965 1072 1013 1127 {¹¹
1048 1071 1240 1115 Consuli
1273 1069 1368 1115 Suo
1399 1072 1449 1115 et
1479 1072 1709 1127 Magistro

919 1139 1117 1182 alutem.

356 1230 587 1284 Postquam
630 1229 681 1270 ad
725 1231 769 1270 te
818 1230 1008 1284 proxime
1047 1230 1219 1285 scripsi,
1266 1233 1415 1285 postea
1459 1231 1569 1273 nihil
1613 1247 1766 1288 operae
1827 1231 1835 1238 ⁵

243 1299 453 1353 praetium
469 1298 497 1322 ¹²
536 1289 645 1351 quod
677 1296 729 1337 ad
766 1299 809 1338 te
841 1297 1110 1352 scriberetur,
1144 1300 1217 1339 aut
1247 1299 1358 1353 quod
1386 1299 1595 1341 monitum
1618 1301 1671 1341 ad
1692 1301 1766 1342 ali-

231 1366 366 1421 “quem
396 1365 564 1406 modum
594 1364 768 1406 iuvaret.
810 1365 923 1406 Nam
954 1366 1023 1407 διὰ
1052 1369 1138 1408 τῶν
1171 1366 1313 1408 αὐτῶν
1343 1367 1433 1408 fere
1464 1367 1552 1408 dies
1582 1369 1766 1410 tramisi-

242 1448 347 1474 mus.
402 1433 517 1474 Idem
546 1431 783 1486 theatrum,
819 1432 930 1473 idem
961 1433 1160 1487 odium¹³,
1202 1433 1314 1475 idem
1346 1434 1599 1476 desiderium
1628 1437 1762 1477 tuum.

241 1501 348 1550 Quid
379 1501 472 1542 dico
502 1499 644 1541 idem?
672 1499 802 1541 immo
831 1500 875 1541 id
907 1500 1079 1542 cottidie
1109 1503 1292 1542 novatur
1321 1503 1364 1543 et
1384 1502 1542 1557 gliscit.
1575 1502 1633 1544 Et
1653 1504 1765 1558 quod

242 1569 301 1610 ait
331 1568 535 1609 Laberius
566 1567 616 1608 de
647 1582 808 1622 amore,
849 1582 924 1609 suo
954 1569 1078 1609 modo
1109 1569 1176 1611 καὶ
1207 1569 1276 1611 ἐπὶ
1306 1570 1388 1625 ἰδίᾳ
1420 1571 1566 1626 μούεῃ,
1619 1572 1764 1613 amerb

353 1738 374 1762 a
403 1730 443 1761 In
466 1730 632 1771 margine:
658 1725 766 1760 Ficus
782 1718 1018 1771 pompeiana,
1043 1725 1122 1761 olus
1140 1726 1329 1771 aricinum,
1345 1738 1432 1763 rosa
1447 1729 1645 1772 tarentina,
1662 1730 1764 1765 lucus

239 1783 394 1827 densior,
419 1784 591 1828 platanus
615 1783 801 1817 umbi-ssa.

351 1841 374 1874 b
402 1843 443 1874 ln
468 1843 637 1883 nzezrgyine:
662 1839 778 1874 Amor
801 1839 886 1873 tuus
909 1859 953 1864 —
976 1850 1109 1884 porrus
1133 1842 1213 1875 tam
1237 1841 1344 1876 firma
1368 1852 1480 1886 qnam
1504 1843 1640 1888 palma.

353 1990 368 2019 1
394 1986 485 2020 Post
506 1985 577 2020 hoc
600 1986 821 2021 vocabulum
844 1986 883 2021 in
908 1978 1042 2022 Codice
1074 1988 1272 2023 cernuntur
1297 1988 1453 2024 duarum
1477 1989 1686 2025 litterarum
1709 1990 1762 2025 in—

240 2047 341 2076 certa
364 2042 531 2087 vestigia.
551 2051 553 2054 '

351 2102 371 2133 ‘2
397 2097 552 2133 Orellius
579 2098 742 2134 coniicit:
767 2104 935 2146 inyratiis.

351 2159 371 2190 3
397 2154 550 2189 Orellius
574 2155 738 2200 supplet:
762 2160 813 2191 nti
834 2160 964 2192 videar.

542 2211 610 2237 SED

349 2249 370 2279 4
397 2244 483 2279 Cod.
511 2244 656 2287 QUAOO.

349 2306 370 2337 5
395 2301 502 2337 Certe
526 2302 690 2346 Rustico,
715 2313 738 2338 a
762 2314 835 2348 quo
861 2303 1042 2340 didicerat
1065 2306 1111 2340 τὸ
1135 2307 1182 2340 τὰ
1207 2306 1398 2341 ἑπιετόλια
1415 2307 1569 2351 ἀφελῶς
1585 2309 1757 2353 γράφειν,

236 2358 344 2392 aliter
367 2357 585 2403 scripsisset.

349 2418 368 2448 6
394 2415 437 2449 cf.
463 2415 687 2451 Lachmann.
714 2416 763 2451 ad
787 2417 931 2453 Lucret.
958 2430 994 2463 p.
1015 2423 1090 2454 133.

348 2475 366 2505 7
392 2470 641 2519 Heindorfius:
667 2475 788 2508 Habes
811 2487 864 2509 en.

347 2530 367 2561 8
391 2527 486 2562 Usus
510 2528 692 2572 postulat:
716 2535 866 2573 poetari.
906 2534 1139 2576 Heindorfius.

348 2587 367 2617 9
393 2582 479 2618 Cod.
506 2595 575 2618 sec.
601 2596 649 2619 m.
673 2599 825 2629 pausam.
1196 2578 1200 2581 ⁵

327 2643 366 2673 10
390 2638 610 2674 Niebuhrius
633 2641 835 2678 rectissime
858 2643 1036 2689 intelligit
1058 2644 1223 2679 Marcum
1249 2645 1460 2689 Caesarem3
1484 2645 1602 2681 Maius
1625 2646 1755 2692 perpe-

235 2704 314 2728 ram
339 2695 480 2739 cogitat
503 2695 548 2730 de
572 2696 611 2731 L.
627 2696 736 2742 Vero,
762 2698 825 2742 qui
847 2700 936 2735 tunc
960 2711 1052 2745 puer
1077 2703 1159 2736 erat
1182 2702 1362 2737 tredecim
1388 2713 1577 2738 annorum.

329 2754 365 2784 11
390 2751 523 2796 Incipit
547 2752 634 2788 Cod.
660 2754 829 2790 Ambros.
854 2767 890 2800 p.
912 2760 986 2791 109.

328 2809 367 2839 12
393 2806 585 2842 Cramerus
612 2810 759 2855 supplet
779 2814 858 2854 fuit.
892 2842 907 2856 2
984 2818 992 2821 ”

327 2865 367 2896 13
390 2861 523 2896 Maius:
549 2868 659 2900 otium.
709 2865 815 2901 Cod.:
839 2871 914 2902 item
939 2871 1059 2906 odium.
