1968 3158
294 174 376 215 190
576 172 625 206 M.
645 171 871 207 CORNELII
893 171 1170 207 FRONTONJS
1195 171 1534 209 EPISTULARUM

582 341 674 397 (M.
706 343 1070 398 CORNELII
1106 344 1530 399 FRONTONIS

639 457 1087 506 EPISTULARUM
1123 459 1210 506 AD
1246 457 1474 506 AMICOS

858 558 892 599 L
912 558 934 600 1
953 557 990 600 B
1011 558 1048 601 E
1070 558 1109 600 R
1157 558 1242 615 11.)

722 671 763 714 Ι.
822 671 1076 714 Volumnio
1109 671 1350 729 Quadrato
1364 672 1390 713 ¹.

405 761 622 805 Secretum
663 762 839 804 servabo
876 762 939 803 ita
976 764 1025 803 ut
1053 762 1137 804 vis:
1188 762 1331 818 legam
1369 762 1554 803 libenter
1589 762 1734 817 itaque
1770 764 1819 804 ut

291 830 405 872 soleo
443 831 674 886 corrigam,
721 832 931 885 quantum
974 845 1149 884 manus,
1196 845 1304 885 quae
1341 829 1657 871 infirmissimae
1701 832 1817 884 sunt,

290 899 474 940 tolerare
505 900 722 953 poterunt.
783 898 849 939 Ex
879 900 978 939 voto
1009 899 1247 940 studiorum
1279 898 1467 939 cultum²
1496 899 1662 952 tenet03
1694 899 1750 952 et,
1783 898 1820 939 si

292 967 393 1021 quid
423 967 547 1008 vacui
577 966 781 1021 temporis
812 966 950 1025 detur,
982 967 1218 1008 exercendo
1248 966 1424 1021 ingenio
1454 980 1675 1020 occupare.

704 1079 774 1122 ΙΙ.
834 1079 1087 1138 Volumnio
1123 1078 1405 1137 Quadrat03.

406 1170 666 1213 Castriciusa
696 1172 865 1212 noster⁴
896 1169 1087 1211 libellum
1116 1172 1238 1211 tuum
1268 1169 1373 1211 mihi
1404 1169 1523 1211 heri⁵
1553 1169 1738 1211 reddidit
1769 1169 1820 1211 de

293 1238 448 1280 balneo
479 1238 716 1294 egredienti
728 1239 758 1292 ⁶,
790 1240 838 1279 ut
858 1253 984 1279 mane
1007 1237 1059 1278 ad
1089 1252 1156 1279 me
1187 1238 1354 1279 veniret
1385 1237 1437 1278 ad
1467 1237 1723 1292 rescriptum
1753 1252 1819 1279 ac-

294 1306 549 1361 cipiendum.
611 1306 694 1348 Per
722 1308 894 1347 noctem
923 1306 985 1347 ita
1015 1307 1192 1347 vexatus
1223 1320 1317 1346 sum
1347 1305 1454 1346 tussi
1486 1307 1528 1346 et
1557 1305 1740 1360 vigiliis,
1772 1307 1821 1346 ut

292 1375 534 1416 necessario
563 1374 610 1416 in
640 1374 837 1429 quintam
866 1374 1016 1415 horam
1046 1373 1303 1415 dormierim.
1363 1373 1432 1415 Ita
1463 1372 1717 1415 Castricium
1746 1387 1819 1414 110-

293 1443 452 1484 strum⁷
485 1442 662 1484 detinui.
707 1441 1009 1484 Ciceronianos
1041 1441 1287 1482 emendatos
1319 1443 1362 1482 et
1383 1441 1662 1495 dislsstinctos
1691 1440 1820 1482 habe-

292 1511 379 1565 bis3
426 1511 651 1552 adnotatos
689 1525 713 1552 a
752 1524 820 1551 me
857 1509 975 1564 leges
1011 1509 1124 1563 ipse,
1170 1509 1216 1550 in
1254 1508 1406 1563 volgus
1445 1507 1560 1549 enim
1597 1522 1668 1550 eos
1706 1508 1820 1550 exire

293 1593 423 1634 quare
453 1578 600 1633 nolim,
634 1577 847 1619 scribam9
878 1577 1143 1632 diligentius.

407 1724 430 1749 a
454 1717 499 1748 In
522 1717 687 1759 margine:
713 1713 896 1758 Repetita.

409 1810 426 1840 1
450 1805 610 1840 Additur
643 1804 682 1839 in
719 1804 888 1849 margine
920 1806 1015 1848 Repe
1041 1832 1047 1838 .
1077 1832 1083 1838 .
1109 1802 1132 1838 i.
1160 1815 1179 1839 e
1205 1806 1374 1849 Repetite.
1424 1803 1567 1849 Nempe
1590 1803 1686 1839 hanc
1709 1802 1822 1839 fuisse

293 1862 459 1908 suspicor
483 1861 691 1907 epistulam,
717 1860 819 1902 cuius
843 1860 966 1906 prima
987 1861 1104 1895 verba
1129 1860 1307 1905 distingui
1329 1860 1517 1904 nequeunt
1539 1860 1579 1894 in
1600 1860 1721 1895 indice
1736 1859 1822 1905 Epi-

294 1919 474 1954 stularum
499 1918 546 1953 ad
571 1917 687 1953 Pium.
715 1938 759 1942 —-
783 1917 881 1952 Num
906 1917 963 1951 est
986 1916 1048 1951 1110
1071 1916 1212 1952 iuvenis
1238 1916 1464 1960 Quadratus,
1490 1916 1548 1951 cui
1570 1916 1715 1951 Marcus
1738 1928 1822 1962 par-

294 1976 373 2011 tem
397 1977 654 2010 maternorum
676 1975 860 2010 bonorum
876 1973 947 2009 sibi
964 1973 1223 2009 obvenientem
1239 1972 1417 2008 tradidit?
1451 1973 1646 2019 Capitolin.
1664 1973 1703 2008 in
1718 1973 1768 2009 M.
1787 1978 1818 2009 7.

294 2032 363 2067 Hic
389 2031 458 2067 etsi
483 2031 583 2077 apud
600 2030 850 2076 Capitolinum
875 2030 1009 2066 dicitur
1023 2033 1208 2074 Mummius,
1236 2029 1273 2064 in
1291 2029 1513 2074 quibusdam
1536 2030 1664 2065 tamen
1689 2029 1821 2065 codici-

294 2089 363 2123 bus
391 2088 447 2122 081»
472 2091 661 2127 Muninz'zcs,
687 2087 786 2122 unde
810 2086 898 2122 lieet
928 2088 1084 2122 fortasse
1110 2087 1323 2131 exsculpere
1355 2090 1387 2121 V
1387 2090 1558 2122 olumnizcs.
1606 2089 1819 2122 Niebuhrz'us.

293 2144 404 2190 Apud
430 2143 679 2188 Capitolinum
703 2143 883 2178 Iordanus
909 2142 1027 2178 edidit
1054 2146 1247 2187 Ummidius,
1271 2142 1383 2177 Peter
1407 2146 1592 2178 Mummius.

408 2205 427 2235 2
454 2199 528 2235 Ser.
555 2213 696 2235 cursum.
746 2203 979 2244 Heindorfius.

408 2262 428 2292 3
454 2256 574 2302 Supra
596 2257 672 2291 iam
697 2256 772 2290 dixi
795 2256 917 2302 repeti
939 2255 999 2291 hic
1023 2257 1098 2291 tres
1123 2255 1314 2301 epistulas,
1339 2265 1435 2300 quae
1459 2255 1649 2291 exstarent
1673 2264 1820 2300 quoque

294 2313 332 2348 in
355 2313 453 2349 foliis
478 2313 526 2348 ad
549 2313 672 2356 Pium,
696 2325 731 2358 p.
759 2317 841 2356 340,
867 2317 949 2356 339,
974 2316 1051 2348 338.
1099 2312 1246 2347 Addam
1270 2311 1391 2347 varias
1414 2311 1591 2347 lectiones
1615 2323 1707 2356 quas
1730 2311 1821 2346 mihi

296 2369 432 2405 obtulit
455 2382 492 2415 p.
518 2373 596 2413 340,
620 2380 708 2404 nam
732 2369 827 2404 duae
852 2369 1016 2414 reliquae
1040 2369 1192 2414 praeter
1208 2368 1356 2404 unicam
1371 2367 1653 2404 adnotationem
1670 2367 1709 2402 in
1725 2379 1821 2403 mar-

295 2427 380 2472 gine
411 2437 560 2472 prorsus
593 2425 832 2462 oblitteratae
868 2425 961 2461 sunt.
1016 2424 1269 2470 Epistularum
1301 2424 1402 2460 tituli
1437 2425 1476 2459 in
1511 2424 1608 2459 foliis
1638 2424 1687 2459 ad
1715 2424 1821 2459 Pium

297 2482 514 2528 simpliciter
538 2483 640 2517 sunt:
668 2484 856 2524 Quadrato.
1200 2468 1213 2480 ⁰

408 2544 430 2575 4
455 2539 561 2575 Titus
586 2538 784 2575 Castricius
800 2539 929 2574 rhetor
953 2537 1024 2574 fuit
1048 2538 1115 2573 sub
1132 2538 1334 2574 Hadriano.
1373 2537 1465 2573 Gell.
1492 2538 1519 2572 I.
1546 2541 1583 2581 63
1607 2537 1652 2573 ΙΙ.
1673 2541 1733 2582 27;
1757 2537 1817 2573 XI.

298 2601 357 2640 133
381 2596 478 2632 XIII.
506 2600 559 2632 21.
611 2599 736 2635 Maius.

408 2658 429 2690 5
455 2653 640 2689 Omissum
663 2665 700 2699 p.
726 2657 803 2689 292.

409 2714 430 2745 6
455 2711 546 2745 Tres
570 2710 717 2745 litterae
743 2708 919 2745 excidisse
943 2707 1116 2744 videntur
1138 2720 1174 2754 p.
1201 2712 1278 2744 292.

410 2770 429 2801 7
456 2766 639 2801 Omissum
661 2779 698 2812 p.
725 2770 802 2802 292.

409 2827 430 2858 s
456 2822 630 2867 Sequitur
653 2835 689 2868 p.
716 2826 793 2858 291.

410 2883 430 2914 9
456 2879 544 2913 Cod.
569 2890 604 2923 p.
631 2884 713 2916 340:
738 2882 919 2915 scriberem
943 2882 991 2913 ad
1013 2886 1056 2916 ie.
