1968 3158
478 155 544 191 AD
569 154 866 191 ANTONINUM
891 155 986 190 ΙΜΡ.
1014 155 1077 190 ΕΤ
1103 153 1307 191 INVICEM
1332 153 1476 190 LIBER
1500 154 1527 189 1.
1722 155 1775 197 97

235 274 389 315 senatu
418 270 669 314 habuisti1?
706 272 752 314 in
783 286 868 327 qua
900 286 997 314 cum
1027 271 1218 327 imagine
1249 268 1425 312 utriculi
1455 268 1510 311 ad
1533 268 1776 324 exemplum

235 340 646 383 adcommodandum
685 355 786 383 usus
823 355 951 395 esses,
991 340 1118 382 anxie
1148 338 1374 393 verebare,
1422 352 1478 380 ne
1515 352 1668 394 parum
1698 351 1776 393 pro

232 408 316 452 loci
347 411 391 451 et
420 409 582 451 ordinis
602 408 817 465 dignitate
840 409 924 465 {Tilv
945 408 1090 452 εἰκόνα
1118 411 1383 463 usurpasses,
1416 421 1568 463 meque
1592 406 1777 462 primam

232 477 352 520 illam
381 477 699 534 longiusculam
729 477 783 520 ad
812 478 881 519 te²
911 476 1141 532 epistulam
1172 476 1409 532 scripsisse,
1448 490 1533 531 qua
1563 475 1620 531 id,
1663 475 1777 531 quod

233 561 302 589 res
333 548 412 602 est,
460 546 718 603 augurabar,
758 544 908 601 magni
938 545 1089 600 ingeni
1127 545 1302 600 signum
1347 558 1439 587 esse
1477 544 1532 586 ad
1571 544 1777 587 eiusmodi

233 615 548 657 sententiarum
584 613 778 670 pericula
807 613 1029 655 audaciter
1063 612 1288 668 adgrediss,
1329 612 1402 654 sed
1432 612 1546 668 quod
1583 627 1632 655 60
1669 627 1776 669 opus

234 685 359 739 esset,
392 685 467 725 tuo
487 684 531 724 te
552 682 692 724 studio
723 683 767 723 et
797 681 1009 723 nonnulla
1037 682 1189 723 nostra
1218 694 1350 736 opera
1381 681 1696 736 adsecuturum,
1729 683 1778 723 ut

233 751 367 807 digna
395 750 532 793 tantis
562 749 790 792 sententiis
820 749 1048 792 verborum
1077 749 1243 791 lumina
1262 750 1488 805 pararesb3
1526 750 1638 805 quod
1659 764 1777 792 nunc

232 818 350 862 vides
380 819 642 874 provenisse,
685 819 729 860 et
758 832 1018 874 quamquam
1052 832 1142 860 non
1182 832 1351 873 semper
1382 831 1433 859 ex
1472 819 1650 860 summis
1687 819 1776 874 opi-

232 887 312 930 bu's
362 887 416 929 ad
461 887 749 942 eloquentiam
798 886 1041 942 velificaris,
1092 888 1241 928 tamen
1291 885 1505 942 sipharis3
1555 889 1599 929 et
1647 887 1776 929 remis

231 954 448 998 tenuisse⁴¹
478 956 576 1010 iter,
618 957 747 1011 atque
777 957 826 997 ut
855 955 1044 1011 primum
1073 954 1168 997 vela
1204 955 1395 1010 pandere
1432 956 1668 998 necessitas
1698 956 1776 997 im-

230 1023 356 1080 pulit,
388 1024 528 1066 omnis
559 1023 828 1080 eloquentiae
859 1024 1097 1079 studiosos,
1127 1025 1176 1065 ut
1213 1022 1377 1065 lembos
1413 1025 1457 1065 613
1487 1023 1673 1079 6610666,
1713 1024 1776 1066 fa-

233 1092 314 1135 cile
343 1092 628 1148 praetervehi.

345 1159 467 1203 Haec
496 1163 545 1203 ut
574 1160 806 1204 scriberem
834 1161 1068 1217 productus
1099 1174 1194 1202 sum
1224 1174 1433 1216 proxuma
1469 1160 1655 1216 epistula
1684 1163 1774 1216 tua,

234 1243 320 1285 qua
367 1229 580 1284 scripsisti
632 1229 870 1272 exolescere
919 1228 1132 1306 paulatim
1185 1243 1477 1284 quaecumque
1534 1228 1775 1284 didicisses3

231 1296 339 1340 1111111
376 1299 521 1340 61116111
550 1312 668 1340 1111116
714 1313 811 1341 611111
846 1298 1032 1341 maxime
1077 1297 1229 1340 florere
1267 1312 1376 1353 quae
1414 1298 1602 1340 didicisti
1647 1300 1776 1353 atque

232 1366 472 1409 adolescere
501 1366 714 1410 videntur.
776 1368 849 1409 An
878 1382 1033 1422 parum
1070 1366 1391 1422 animadvertis,
1432 1368 1596 1422 quanto
1635 1367 1776 1409 studio

232 1437 479 1491 quantoque
515 1435 663 1478 favore
695 1437 739 1478 et
767 1435 989 1492 voluptate
1027 1435 1243 1478 dicentem
1280 1437 1324 1477 te
1363 1435 1512 1477 audiat
1542 1436 1776 1491 66116111615

231 1503 498 1559 populusque
535 1503 771 1546 romanus?
817 1506 880 1546 61-
905 1503 1115 1559 spondeo,
1164 1505 1327 1559 quanto
1366 1503 1537 1559 saepius
1576 1503 1774 1558 audierit,

231 1573 357 1614 tanto
386 1571 646 1628 flagrantius
677 1573 882 1615 611161711.6
939 1572 1009 1614 Ita
1038 1572 1176 1614 multa
1207 1574 1251 1614 et
1280 1574 1409 1628 grata
1447 1573 1549 1613 sunt
1582 1572 1774 1628 ingenii⁷

232 1641 277 1681 et
320 1639 406 1681 oris
442 1642 486 1681 et
529 1641 644 1683 vocis
686 1643 729 1683 et
778 1641 1009 1683 facundiae
1052 1642 1154 1683 tuae
1195 1640 1498 1682 delenimenta.
1559 1639 1775 1682 Nimirum

231 1708 458 1764 quisquam
501 1705 768 1765 superiorum
816 1709 1144 1764 imperatorum3
1206 1708 1523 1764 superioribus8
1565 1710 1681 1751 enim
1731 1712 1802 1752 te·

347 1879 371 1904 a
395 1871 440 1904 In
463 1873 631 1914 margine:
655 1869 882 1915 Augurabar
906 1868 1036 1915 magni
1061 1889 1104 1894 —
1129 1868 1310 1905 audacter
1335 1869 1412 1914 (sic)
1438 1868 1607 1914 adgredi.

347 1925 372 1960 b
397 1928 443 1961 In
466 1930 635 1972 mar-gine:
659 1926 712 1962 Ut
736 1926 851 1972 digna
874 1926 995 1962 isdem
1021 1926 1220 1962 verborum
1243 1926 1385 1961 lumina
1408 1937 1573 1972 parares.

348 2089 366 2120 1
393 2085 437 2120 cf.
465 2085 515 2120 ad
537 2085 586 2121 M.
615 2085 717 2122 Caes.
745 2086 807 2130 ΙΙΙ,
825 2089 846 2121 8
871 2087 910 2122 61
931 2086 976 2130 V,
996 2090 1094 2122 1-4.

346 2147 367 2178 2
394 2142 536 2178 Codex:
561 2156 612 2179 se.
660 2143 745 2179 Non
770 2143 874 2179 extat
896 2142 961 2179 illa
986 2142 1155 2189 epistola.

346 2204 367 2236 3
391 2199 614 2236 Rectissime,
637 2199 823 2246 scriptura
847 2212 870 2236 a
894 2211 1030 2246 graeco
1048 2201 1215 2245 είφαροε.
1250 2200 1375 2245 Atque
1399 2200 1453 2236 ita
1478 2199 1640 2237 scribere
1665 2212 1774 2248 opor-

232 2258 300 2301 tet,
323 2267 399 2292 non
421 2270 610 2302 supparum
633 2257 693 2293 vel
715 2270 890 2303 supparus
915 2257 1029 2293 etiam
1054 2257 1155 2303 apud
1178 2257 1271 2293 alios
1288 2258 1469 2293 auctores.
1508 2257 1605 2294 Sane
1620 2263 1774 2304 siparum

232 2313 371 2359 legitur
394 2313 434 2348 in
455 2313 608 2349 Manilio
632 2313 678 2358 V,
693 2318 749 2359 49,
774 2314 1006 2350 Tertulliano
1023 2314 1130 2360 Apol.
1158 2325 1188 2350 6.
1209 2318 1262 2358 16,
1287 2318 1326 2350 61
1348 2314 1403 2350 ita
1426 2315 1569 2350 habent
1591 2315 1772 2360 pleraque

232 2370 365 2406 Isidori
381 2370 610 2416 exemplaria
627 2370 719 2416 orig.
737 2371 833 2415 XIX,
847 2376 880 2415 3,
906 2372 1002 2406 teste
1018 2371 1190 2407 Arevalo.
1212 2371 1326 2407 -Haec
1342 2374 1469 2415 Maius,
1494 2371 1559 2416 qui
1573 2373 1773 2417 praeterea

234 2428 391 2463 miratur
415 2419 626 2472 Arrianum,
650 2428 751 2473 apud
775 2439 887 2473 quem
911 2428 1052 2464 scilicet
1074 2428 1192 2464 tibiae
1209 2439 1326 2474 genus
1351 2428 1437 2464 erit:
1465 2430 1706 2472 βυθιζομένου
1731 2431 1772 2464 δὲ

233 2488 302 2520 τοῦ
329 2484 477 2528 πλοίου,
504 2484 546 2520 (ὑ
571 2496 632 2528 μοι
656 2486 860 2529 παρελθὼν
886 2486 1050 2530 ἐπαίρει(
1074 2487 1164 2520 τοὺς
1191 2485 1385 2529 (ιφάρουσ
1412 2486 1513 2520 εἶδος
1538 2485 1669 2520 αὐλοῦ.
1716 2485 1772 2520 Ι11-

233 2541 543 2587 inerpretationem
566 2540 638 2576 hoc
661 2541 773 2577 modo
799 2541 1043 2589 corrigemus:
1071 2543 1170 2578 εἶδος
1195 2542 1364 2578 αὐλαίου.
1406 2541 1618 2577 Fideiussor
1642 2541 1772 2577 Festus

234 2598 519 2643 eritz'Sipar-ium
543 2609 617 2643 quo
641 2597 681 2632 in
703 2598 822 2634 scenis
846 2597 951 2633 mimi
974 2600 1130 2634 utuntur
1154 2619 1198 2624 ——
1222 2599 1314 2635 alias
1338 2604 1500 2635 aulaeum.

347 2659 370 2691 4
392 2654 510 2690 Paulo
535 2654 672 2690 rectius
695 2655 852 2692 fortasse
877 2655 1067 2692 videbitur
1091 2663 1123 2691 te
1149 2659 1308 2692 tenuisse.

349 2715 370 2747 5
392 2711 528 2757 Incipit
552 2711 640 2748 Cod.
667 2711 788 2748 Vatic.
814 2725 850 2758 p.
870 2717 924 2748 82.

347 2772 368 2803 6
392 2768 536 2814 Nempe
560 2780 629 2814 pro
654 2771 789 2807 amabit.

349 2829 368 2860 7
393 2825 564 2860 Alterum
588 2829 602 2860 z·
623 2837 720 2871 supr.
748 2826 810 2861 lin.

348 2885 369 2916 8
394 2880 535 2917 Codex:
559 2886 834 2928 imperatoribus.
885 2881 1054 2919 Correxit
1078 2883 1304 2929 Schopenus.

282 2962 415 2997 Fnolfl'r.
438 2964 485 2985 ΕΤ
501 2964 636 2986 AUREL.
657 2964 775 2987 Epls'r.
1472 2943 1495 2984 7
