1968 3158
675 161 864 198 LAUDES
894 163 927 199 N
932 162 1283 201 EGLEGENTIAE.
1669 170 1755 211 215

212 276 412 333 gentiae¹
446 276 560 319 haud
590 277 815 335 quisquam
845 292 1108 335 magnopere
1129 278 1315 322 insidias
1338 279 1467 335 locat,
1500 281 1752 325 existimans

213 342 345 388 etiam
375 344 468 387 sine
498 345 666 389 insidiis
697 361 865 403 semper
895 348 939 391 et
969 347 1124 404 ubique
1155 349 1199 390 et
1229 347 1329 391 ubi²
1359 348 1493 392 libeat
1518 349 1751 406 neglegen-

212 415 301 457 tem
331 413 548 456 hominem
580 414 626 457 in
647 414 824 471 proclivi
854 414 946 458 fore
976 415 1151 459 fallere:
1183 415 1386 459 adversus
1407 417 1631 474 diligentis
1654 433 1751 462 vero

196 483 258 536 vet
288 482 618 538 circumspectos
649 486 692 526 et
727 483 1011 526 exsultantis³
1047 483 1199 539 opibus
1234 484 1408 527 fraudes
1447 488 1490 528 et
1528 486 1749 543 captiones

213 552 256 594 et
286 550 468 593 insidiae
498 553 721 607 parantur.
783 551 851 594 Ita
881 551 1016 594 ferme
1047 551 1326 608 neglegentia
1357 555 1606 610 contemptu
1637 556 1749 598 tuta-

198 619 322 675 .tur⁴,
355 619 583 676 diligentia
614 621 711 662 astu
742 622 1059 676 oppugnatura.

325 687 385 731 Et
415 687 567 731 erratis
598 679 877 744 neglegentia
907 688 1034 730 venia
1056 688 1248 743 paratior
1268 689 1394 731 datur
1414 691 1459 732 et
1483 690 1749 734 benefactis⁵

210 755 391 812 gratiis⁰
420 755 564 812 gratia
593 755 789 798 habetur.
842 755 955 798 Nam
985 758 1156 811 praeter
1185 757 1433 813 opinionem
1462 760 1635 814 gratum
1667 762 1746 815 est,

211 826 450 867 ceterarum
487 837 629 866 rerum
666 823 969 880 indiligentem
1004 824 1114 867 bene
1143 823 1286 867 facere
1323 825 1369 868 in
1405 827 1596 882 tempore
1634 826 1747 870 haud

209 891 465 948 neglexisse.

323 959 415 1002 Iam
436 959 542 1002 illud
574 974 599 1002 a
628 961 766 1016 poetis
796 960 1018 1003 saeculum
1049 975 1225 1003 aureum
1254 963 1549 1017 memoratum,
1583 963 1619 1005 si
1651 977 1746 1006 cum

210 1027 356 1071 animo
386 1030 571 1084 reputes,
603 1028 832 1085 intellegas
862 1028 1167 1085 neglegentiae
1198 1028 1415 1071 saeculum
1443 1030 1575 1072 fuisse
1587 1031 1618 1086 b,
1652 1045 1748 1073 cum

210 1111 314 1153 ager
350 1095 630 1153 negfl⁷lectus
667 1096 834 1139 fructus
872 1097 1023 1139 uberes
1060 1097 1213 1152 ferret,
1254 1097 1482 1153 omniaque
1518 1098 1748 1141 utensilia*

209 1164 541 1221 neglegentibus
576 1164 696 1207 nullo
733 1165 910 1221 negotio
948 1165 1256 1221 suppeditaret.
1317 1164 1449 1207 Hisce
1480 1167 1747 1222 argumentis

208 1232 489 1290 neglegentia
518 1233 631 1276 bono
661 1247 819 1289 genere
850 1235 969 1288 nata,
1003 1233 1094 1276 dis⁹
1116 1235 1309 1288 accepta,
1350 1233 1618 1289 sapientibus
1652 1249 1747 1290 pro-

208 1301 324 1356 bata,
357 1301 563 1344 virtutum
599 1301 831 1357 particeps,
859 1295 1166 1358 vindulgentiae
1196 1302 1420 1357 magistra,
1458 1304 1554 1344 tuta
1591 1302 1646 1344 ab
1683 1303 1746 1344 in-

206 1369 341 1424 sidiis,
374 1371 584 1426 grataque
614 1370 724 1430 bene
753 1370 896 1425 factis,
936 1372 1140 1413 excusata
1166 1369 1351 1426 ingratis
1366 1371 1398 1396 ¹⁰
1430 1372 1472 1412 et
1503 1370 1555 1412 ad
1584 1372 1746 1425 postre-

207 1452 325 1480 mum
345 1452 473 1480 aurea
495 1437 751 1480 declaratur.
792 1438 980 1481 Mallet¹¹
1004 1438 1055 1480 de
1077 1437 1320 1480 Favorini¹²
1342 1438 1480 1480 nostri
1511 1438 1745 1494 pigmentis

206 1506 296 1548 fuci
326 1505 524 1562 quisnam
556 1506 913 1562 appingeremus‘?
943 1506 1077 1548 Licet.
1111 1505 1173 1548 Ut
1202 1519 1394 1561 quaeque
1423 1505 1577 1547 mulier
1605 1506 1745 1562 magis

207 1573 318 1617 faeie
347 1574 460 1616 freta
490 1576 568 1629 est,
599 1573 662 1615 ita
690 1573 862 1616 facilius
893 1576 1035 1616 cutem
1065 1575 1109 1615 et
1139 1573 1342 1628 capillum
1370 1573 1625 1629 neglegere,
1658 1574 1744 1629 ple-

207 1641 349 1698 risque
380 1644 539 1696 autem,
571 1643 620 1684 ut
650 1656 741 1684 sese
762 1655 1027 1697 magnopere
1048 1643 1272 1696 exornent,
1305 1641 1550 1684 diffidentia
1580 1641 1743 1684 formae

206 1709 459 1767 diligentiae
490 1709 728 1752 inlecebras
761 1709 934 1752 crearic.

321 1836 344 1861 a
367 1827 412 1860 In
436 1827 603 1868 mar-gline:
628 1822 890 1869 Negligentiae
915 1823 1132 1868 contemptu
1156 1842 1199 1849 —
1225 1822 1476 1868 oppugnatur.

320 1882 345 1915 b
370 1884 414 1916 In
438 1885 606 1927 maryine:
632 1879 829 1916 Saeculum
858 1879 950 1914 illud
975 1890 1129 1915 aureum
1159 1879 1346 1915 saeculum
1370 1878 1634 1924 neglegentiae
1660 1879 1740 1914 fuit.

321 1950 341 1974 c
365 1940 410 1974 In
434 1941 602 1982 marqine:
627 1936 845 1972 Diffidentia
874 1936 1017 1972 formae
1042 1935 1258 1981 diligentiae
1283 1934 1510 1971 inlecebram
1535 1934 1664 1971 creari.

322 2035 338 2066 1
364 2030 408 2066 In
451 2028 585 2066 Codice
624 2029 682 2063 est
717 2006 992 2073 dittographia:
1050 2030 1293 2072 neglegentiam
1337 2030 1443 2071 mayis
1486 2029 1648 2071 perieulis
1687 2029 1741 2061 ob-

207 2091 345 2125 noxiam
368 2100 444 2123 esse
468 2099 608 2132 namque
633 2088 875 2131 neglegentiae.

320 2148 340 2180 2
365 2144 444 2179 Imo
470 2146 530 2179 uti.
579 2145 813 2187 Heindorfius.

319 2205 340 2237 3
365 2199 597 2246 Schopenus:
639 2200 858 2239 excubantis,
897 2197 979 2233 coll.
1015 2197 1152 2232 Lucan.
1186 2196 1246 2232 IX.
1283 2200 1349 2233 909
1381 2197 1419 2232 et
1447 2195 1654 2232 Markland.
1693 2195 1741 2231 ad

206 2258 300 2294 Stat.
328 2256 414 2293 Silv.
440 2257 486 2291 II.
513 2259 544 2291 7.
573 2259 648 2292 130.
949 2266 952 2267 ’

319 2317 342 2349 4
364 2312 623 2349 Berolinenses
647 2311 804 2347 laudant
826 2310 921 2346 Non.
949 2315 979 2346 7.
1007 2314 1050 2346 70
1074 2322 1110 2356 p.
1136 2313 1202 2354 47.ss
1226 2309 1264 2345 in
1289 2322 1320 2345 v.
1349 2316 1473 2345 tutam.

320 2375 341 2406 5
367 2369 508 2406 Codex:
539 2371 694 2412 besue-lix.

321 2429 342 2461 6
367 2425 420 2461 Cf.
447 2425 566 2461 Bentl.
593 2424 808 2460 adTerent.
826 2423 985 2469 Adelph.
1003 2423 1063 2459 IV.
1082 2428 1112 2459 7.
1132 2426 1186 2458 26.
1222 2425 1475 2458 Ber-olinenses.
1507 2421 1738 2457 Eckstciuius

208 2483 314 2521 addit
325 2481 636 2525 Ritschl.Proleg.
655 2480 775 2516 Plaut.
792 2479 893 2515 Trin.
912 2492 947 2525 p.
960 2479 1077 2515 CLXI.
1097 2478 1428 2523 VerumHauptius
1441 2478 1584 2514 mavult
1593 2482 1739 2522 molior.

322 2543 341 2575 7
365 2537 501 2584 incipit
524 2536 612 2573 Cod.
638 2548 675 2582 p.
701 2539 779 2571 229.

321 2599 342 2632 8
367 2594 507 2631 Codex:
533 2600 630 2628 utens
651 2596 718 2628 ille.

321 2658 342 2688 9
368 2650 456 2687 Cod.
482 2662 539 2696 pr.
565 2660 612 2684 m.
638 2652 723 2685 deis.

302 2714 343 2745 10
368 2706 537 2744 Correxit
561 2709 689 2742 erratis
712 2705 973 2740 Buttmannus.

303 2769 342 2802 11
368 2764 487 2800 Aliter
512 2762 700 2809 supplevit
722 2761 854 2806 Maius,
880 2761 945 2798 sed
969 2760 1092 2807 spatia
1116 2761 1154 2797 et
1170 2759 1329 2806 vestigia
1352 2770 1423 2795 non
1451 2759 1689 2806 respondent.

302 2825 342 2857 12
366 2820 464 2856 Num
488 2818 691 2855 Favorinus
708 2817 905 2854 Frontonis
929 2817 1120 2854 familiaris
1144 2818 1291 2854 ἀδόξων
1315 2816 1484 2863 scriptor,
1511 2816 1604 2853 Geli.
1622 2817 1735 2854 XXII.

211 2883 276 2916 12?
322 2879 380 2914 An
403 2875 527 2923 potius
553 2875 686 2921 aliquis
710 2874 1003 2921 pigmentarius?
1051 2876 1178 2911 Maius.
1226 2873 1310 2912 Vid.
1334 2873 1533 2910 Matresius
1557 2885 1593 2919 p.
1620 2877 1674 2909 42.
