<?xml version="1.0" encoding="UTF-8"?>
<!DOCTYPE html PUBLIC "-//W3C//DTD XHTML 1.0 Transitional//EN"
    "http://www.w3.org/TR/xhtml1/DTD/xhtml1-transitional.dtd">
<html xmlns="http://www.w3.org/1999/xhtml" xml:lang="en" lang="en">
 <head>
  <title>
</title>
<meta http-equiv="Content-Type" content="text/html;charset=utf-8" />
  <meta name='ocr-system' content='tesseract 3.04.00' />
  <meta name='ocr-capabilities' content='ocr_page ocr_carea ocr_par ocr_line ocrx_word'/>
</head>
<body>
  <div class='ocr_page' id='page_1' title='image "./mcorneliifronton00fronuoft_0229.png"; bbox 0 0 1968 3158; ppageno 0'>
   <div class='ocr_carea' id='block_1_1' title="bbox 667 151 1688 193">
    <p class='ocr_par' dir='ltr' id='par_1_1' title="bbox 667 151 1688 193">
     <span class='ocr_line' id='line_1_1' title="bbox 667 151 1688 193; baseline 0.003 -3"><span class='ocrx_word' id='word_1_1' title='bbox 667 154 732 190; x_wconf 79' lang='lat' dir='ltr'>AD</span> <span class='ocrx_word' id='word_1_2' title='bbox 757 152 936 190; x_wconf 75' lang='lat' dir='ltr'>AMICOS</span> <span class='ocrx_word' id='word_1_3' title='bbox 960 152 1105 190; x_wconf 75' lang='lat' dir='ltr'>LIBER</span> <span class='ocrx_word' id='word_1_4' title='bbox 1129 152 1173 188; x_wconf 90' lang='lat'>11.</span> <span class='ocrx_word' id='word_1_5' title='bbox 1608 151 1688 193; x_wconf 89' lang='lat'>189</span> 
     </span>
    </p>
   </div>
   <div class='ocr_carea' id='block_1_2' title="bbox 154 264 1692 531">
    <p class='ocr_par' dir='ltr' id='par_1_2' title="bbox 154 264 1692 531">
     <span class='ocr_line' id='line_1_2' title="bbox 158 264 1687 328; baseline -0.005 -15"><span class='ocrx_word' id='word_1_6' title='bbox 158 270 266 328; x_wconf 81' lang='lat' dir='ltr'>¹[cui</span> <span class='ocrx_word' id='word_1_7' title='bbox 290 269 493 313; x_wconf 78' lang='lat' dir='ltr'><strong>Callistus</strong></span> <span class='ocrx_word' id='word_1_8' title='bbox 522 268 738 327; x_wconf 77' lang='lat' dir='ltr'>lacrimas]</span> <span class='ocrx_word' id='word_1_9' title='bbox 764 302 772 311; x_wconf 88' lang='lat'>.</span> <span class='ocrx_word' id='word_1_10' title='bbox 799 301 807 310; x_wconf 96' lang='lat'>.</span> <span class='ocrx_word' id='word_1_11' title='bbox 836 301 844 311; x_wconf 89' lang='lat'>.</span> <span class='ocrx_word' id='word_1_12' title='bbox 877 269 1046 324; x_wconf 86' lang='lat' dir='ltr'>patrem</span> <span class='ocrx_word' id='word_1_13' title='bbox 1069 300 1078 309; x_wconf 93' lang='lat'>.</span> <span class='ocrx_word' id='word_1_14' title='bbox 1114 300 1123 308; x_wconf 93' lang='lat'>.</span> <span class='ocrx_word' id='word_1_15' title='bbox 1157 266 1337 323; x_wconf 84' lang='lat' dir='ltr'>adeptus</span> <span class='ocrx_word' id='word_1_16' title='bbox 1369 280 1414 308; x_wconf 85' lang='lat' dir='ltr'>es</span> <span class='ocrx_word' id='word_1_17' title='bbox 1441 298 1450 307; x_wconf 90' lang='lat'>.</span> <span class='ocrx_word' id='word_1_18' title='bbox 1478 297 1487 307; x_wconf 98' lang='lat'>.</span> <span class='ocrx_word' id='word_1_19' title='bbox 1519 264 1620 321; x_wconf 86' lang='lat' dir='ltr'>quia</span> <span class='ocrx_word' id='word_1_20' title='bbox 1643 297 1652 307; x_wconf 95' lang='lat'>.</span> <span class='ocrx_word' id='word_1_21' title='bbox 1678 298 1687 307; x_wconf 90' lang='lat'>.</span> 
     </span>
     <span class='ocr_line' id='line_1_3' title="bbox 155 332 1690 396; baseline -0.004 -15"><span class='ocrx_word' id='word_1_22' title='bbox 155 338 321 396; x_wconf 84' lang='lat' dir='ltr'>gaudeo</span> <span class='ocrx_word' id='word_1_23' title='bbox 354 371 362 380; x_wconf 91' lang='lat'>.</span> <span class='ocrx_word' id='word_1_24' title='bbox 399 371 407 380; x_wconf 93' lang='lat'>.</span> <span class='ocrx_word' id='word_1_25' title='bbox 441 339 485 380; x_wconf 85' lang='lat' dir='ltr'>et</span> <span class='ocrx_word' id='word_1_26' title='bbox 517 370 525 379; x_wconf 95' lang='lat'>.</span> <span class='ocrx_word' id='word_1_27' title='bbox 562 370 570 379; x_wconf 94' lang='lat'>.</span> <span class='ocrx_word' id='word_1_28' title='bbox 612 336 737 379; x_wconf 88' lang='lat' dir='ltr'>hodie</span> <span class='ocrx_word' id='word_1_29' title='bbox 770 370 779 379; x_wconf 93' lang='lat'>.</span> <span class='ocrx_word' id='word_1_30' title='bbox 814 370 823 379; x_wconf 93' lang='lat'>.</span> <span class='ocrx_word' id='word_1_31' title='bbox 857 350 949 379; x_wconf 87' lang='lat' dir='ltr'>esse</span> <span class='ocrx_word' id='word_1_32' title='bbox 980 335 1016 377; x_wconf 86' lang='lat' dir='ltr'>si</span> <span class='ocrx_word' id='word_1_33' title='bbox 1076 334 1202 377; x_wconf 88' lang='lat' dir='ltr'>hodie</span> <span class='ocrx_word' id='word_1_34' title='bbox 1236 368 1245 377; x_wconf 91' lang='lat'>.</span> <span class='ocrx_word' id='word_1_35' title='bbox 1282 368 1292 377; x_wconf 87' lang='lat'>.</span> <span class='ocrx_word' id='word_1_36' title='bbox 1324 349 1445 377; x_wconf 81' lang='lat' dir='ltr'>mens</span> <span class='ocrx_word' id='word_1_37' title='bbox 1480 367 1488 376; x_wconf 92' lang='lat'>.</span> <span class='ocrx_word' id='word_1_38' title='bbox 1525 366 1533 375; x_wconf 92' lang='lat'>.</span> <span class='ocrx_word' id='word_1_39' title='bbox 1569 366 1577 375; x_wconf 93' lang='lat'>.</span> <span class='ocrx_word' id='word_1_40' title='bbox 1626 332 1690 375; x_wconf 85' lang='lat' dir='ltr'>&#39;In</span> 
     </span>
     <span class='ocr_line' id='line_1_4' title="bbox 154 401 1692 458; baseline -0.005 -8"><span class='ocrx_word' id='word_1_41' title='bbox 154 407 295 450; x_wconf 83' lang='lat' dir='ltr'>forum</span> <span class='ocrx_word' id='word_1_42' title='bbox 333 405 555 448; x_wconf 83' lang='lat' dir='ltr'>deseendit</span> <span class='ocrx_word' id='word_1_43' title='bbox 591 404 810 447; x_wconf 81' lang='lat' dir='ltr'>natalibus</span> <span class='ocrx_word' id='word_1_44' title='bbox 847 403 1027 458; x_wconf 81' lang='lat' dir='ltr'>nobilis,</span> <span class='ocrx_word' id='word_1_45' title='bbox 1067 403 1119 445; x_wconf 87' lang='lat' dir='ltr'>de</span> <span class='ocrx_word' id='word_1_46' title='bbox 1156 403 1250 445; x_wconf 89' lang='lat' dir='ltr'>foro</span> <span class='ocrx_word' id='word_1_47' title='bbox 1290 402 1417 445; x_wconf 85' lang='lat' dir='ltr'>rediit</span> <span class='ocrx_word' id='word_1_48' title='bbox 1446 401 1692 457; x_wconf 77' lang='lat' dir='ltr'>eloquentia</span> 
     </span>
     <span class='ocr_line' id='line_1_5' title="bbox 154 472 728 531; baseline -0.003 -14"><span class='ocrx_word' id='word_1_49' title='bbox 154 489 283 531; x_wconf 85' lang='lat' dir='ltr'>quam</span> <span class='ocrx_word' id='word_1_50' title='bbox 314 488 473 530; x_wconf 83' lang='lat' dir='ltr'>genere</span> <span class='ocrx_word' id='word_1_51' title='bbox 504 472 728 515; x_wconf 77' lang='lat' dir='ltr'>110bi1i0r².</span> 
     </span>
    </p>
   </div>
   <div class='ocr_carea' id='block_1_3' title="bbox 598 551 1246 685">
    <p class='ocr_par' dir='ltr' id='par_1_3' title="bbox 598 551 1246 685">
     <span class='ocr_line' id='line_1_6' title="bbox 598 551 1246 605; baseline -0.005 -10"><span class='ocrx_word' id='word_1_52' title='bbox 598 556 700 605; x_wconf 74' lang='lat' dir='ltr'>Leqi</span> <span class='ocrx_word' id='word_1_53' title='bbox 730 554 955 594; x_wconf 82' lang='lat' dir='ltr'>Emendavi</span> <span class='ocrx_word' id='word_1_54' title='bbox 981 555 1053 603; x_wconf 80' lang='lat' dir='ltr'>qui</span> <span class='ocrx_word' id='word_1_55' title='bbox 1078 551 1246 604; x_wconf 52' lang='lat' dir='ltr'>supm‘k</span> 
     </span>
     <span class='ocr_line' id='line_1_7' title="bbox 715 640 1140 685; baseline -0.005 0"><span class='ocrx_word' id='word_1_56' title='bbox 715 641 774 685; x_wconf 92' lang='lat' dir='ltr'>M.</span> <span class='ocrx_word' id='word_1_57' title='bbox 806 640 1140 684; x_wconf 84' lang='lat' dir='ltr'>FRONTONIS</span> 
     </span>
    </p>
   </div>
   <div class='ocr_carea' id='block_1_4' title="bbox 533 724 1313 824">
    <p class='ocr_par' dir='ltr' id='par_1_4' title="bbox 533 724 1313 824">
     <span class='ocr_line' id='line_1_8' title="bbox 533 724 1313 766; baseline -0.003 -1"><span class='ocrx_word' id='word_1_58' title='bbox 533 725 941 766; x_wconf 81' lang='lat' dir='ltr'>EPISTULARUM</span> <span class='ocrx_word' id='word_1_59' title='bbox 980 724 1060 764; x_wconf 91' lang='lat' dir='ltr'>AD</span> <span class='ocrx_word' id='word_1_60' title='bbox 1099 724 1313 764; x_wconf 81' lang='lat' dir='ltr'>AMICOS</span> 
     </span>
     <span class='ocr_line' id='line_1_9' title="bbox 825 788 1017 824; baseline 0 0"><span class='ocrx_word' id='word_1_61' title='bbox 825 788 967 824; x_wconf 85' lang='lat' dir='ltr'><strong>LIBER</strong></span> <span class='ocrx_word' id='word_1_62' title='bbox 990 788 1017 824; x_wconf 92' lang='lat' dir='ltr'>I.</span> 
     </span>
    </p>
   </div>
   <div class='ocr_carea' id='block_1_5' title="bbox 632 856 1213 963">
    <p class='ocr_par' dir='ltr' id='par_1_5' title="bbox 632 856 1213 963">
     <span class='ocr_line' id='line_1_10' title="bbox 758 856 1092 900; baseline 0 0"><span class='ocrx_word' id='word_1_63' title='bbox 758 856 1092 900; x_wconf 82' lang='lat' dir='ltr'>FRONTONIS</span> 
     </span>
     <span class='ocr_line' id='line_1_11' title="bbox 632 924 1213 963; baseline -0.005 -1"><span class='ocrx_word' id='word_1_64' title='bbox 632 925 976 963; x_wconf 85' lang='lat' dir='ltr'>EPISTULARUM</span> <span class='ocrx_word' id='word_1_65' title='bbox 999 924 1145 960; x_wconf 88' lang='lat' dir='ltr'>LIBER</span> <span class='ocrx_word' id='word_1_66' title='bbox 1169 925 1213 960; x_wconf 88' lang='grc' dir='ltr'>ΙΙ.</span> 
     </span>
    </p>
   </div>
   <div class='ocr_carea' id='block_1_6' title="bbox 381 1210 1469 1256">
    <p class='ocr_par' dir='ltr' id='par_1_6' title="bbox 381 1210 1469 1256">
     <span class='ocr_line' id='line_1_12' title="bbox 381 1210 1469 1256; baseline -0.005 1"><span class='ocrx_word' id='word_1_67' title='bbox 381 1211 823 1256; x_wconf 84' lang='lat' dir='ltr'>⁴EPISTULARUM</span> <span class='ocrx_word' id='word_1_68' title='bbox 861 1211 944 1253; x_wconf 88' lang='lat' dir='ltr'>AD</span> <span class='ocrx_word' id='word_1_69' title='bbox 974 1210 1196 1254; x_wconf 81' lang='lat' dir='ltr'>AMIGOS</span> <span class='ocrx_word' id='word_1_70' title='bbox 1237 1210 1396 1253; x_wconf 87' lang='lat' dir='ltr'>LIBRI</span> <span class='ocrx_word' id='word_1_71' title='bbox 1426 1210 1469 1252; x_wconf 92' lang='lat' dir='ltr'>II</span> 
     </span>
    </p>
   </div>
   <div class='ocr_carea' id='block_1_7' title="bbox 92 1310 1560 1951">
    <p class='ocr_par' dir='ltr' id='par_1_7' title="bbox 92 1310 1329 1438">
     <span class='ocr_line' id='line_1_13' title="bbox 831 1310 1015 1349; baseline 0 -1"><span class='ocrx_word' id='word_1_72' title='bbox 831 1310 1015 1349; x_wconf 87' lang='lat' dir='ltr'>INDEX.</span> 
     </span>
     <span class='ocr_line' id='line_1_14' title="bbox 92 1395 1329 1438; baseline -0.004 -5"><span class='ocrx_word' id='word_1_73' title='bbox 92 1411 94 1413; x_wconf 94' lang='lat'>·</span> <span class='ocrx_word' id='word_1_74' title='bbox 162 1400 179 1433; x_wconf 82' lang='lat'>1</span> <span class='ocrx_word' id='word_1_75' title='bbox 210 1398 386 1433; x_wconf 75' lang='lat' dir='ltr'>Volumnio</span> <span class='ocrx_word' id='word_1_76' title='bbox 411 1397 599 1438; x_wconf 78' lang='lat' dir='ltr'>Quadrato.</span> <span class='ocrx_word' id='word_1_77' title='bbox 967 1397 986 1429; x_wconf 81' lang='grc'>’1</span> <span class='ocrx_word' id='word_1_78' title='bbox 1016 1396 1122 1428; x_wconf 81' lang='lat' dir='ltr'>Arrio</span> <span class='ocrx_word' id='word_1_79' title='bbox 1147 1395 1329 1428; x_wconf 78' lang='lat' dir='ltr'><em>Antonino.</em></span> 
     </span>
    </p>

    <p class='ocr_par' dir='ltr' id='par_1_8' title="bbox 251 1443 1328 1494">
     <span class='ocr_line' id='line_1_15' title="bbox 251 1443 1328 1494; baseline -0.004 -6"><span class='ocrx_word' id='word_1_80' title='bbox 251 1452 402 1488; x_wconf 88' lang='lat' dir='ltr'>Secreto</span> <span class='ocrx_word' id='word_1_81' title='bbox 426 1451 608 1487; x_wconf 76' lang='lat' dir='ltr'>habebo⁶.</span> <span class='ocrx_word' id='word_1_82' title='bbox 695 1443 698 1449; x_wconf 56' lang='lat'><em>‘</em></span> <span class='ocrx_word' id='word_1_83' title='bbox 1037 1449 1141 1485; x_wconf 90' lang='lat' dir='ltr'>Sicut</span> <span class='ocrx_word' id='word_1_84' title='bbox 1165 1460 1228 1485; x_wconf 87' lang='lat' dir='ltr'>eos</span> <span class='ocrx_word' id='word_1_85' title='bbox 1254 1449 1328 1494; x_wconf 92' lang='lat' dir='ltr'>qui.</span> 
     </span>
    </p>

    <p class='ocr_par' dir='ltr' id='par_1_9' title="bbox 159 1509 1560 1609">
     <span class='ocr_line' id='line_1_16' title="bbox 159 1509 1335 1552; baseline -0.003 -6"><span class='ocrx_word' id='word_1_86' title='bbox 159 1514 181 1546; x_wconf 80' lang='lat'><strong>2</strong></span> <span class='ocrx_word' id='word_1_87' title='bbox 211 1513 387 1546; x_wconf 78' lang='lat' dir='ltr'>Volumnio</span> <span class='ocrx_word' id='word_1_88' title='bbox 411 1511 601 1552; x_wconf 75' lang='lat' dir='ltr'>Quadrato.</span> <span class='ocrx_word' id='word_1_89' title='bbox 967 1510 988 1541; x_wconf 92' lang='grc'>8</span> <span class='ocrx_word' id='word_1_90' title='bbox 1015 1509 1123 1543; x_wconf 78' lang='lat' dir='ltr'>Arrio</span> <span class='ocrx_word' id='word_1_91' title='bbox 1149 1509 1335 1543; x_wconf 78' lang='lat' dir='ltr'><em>Antonino.</em></span> 
     </span>
     <span class='ocr_line' id='line_1_17' title="bbox 252 1562 1560 1609; baseline -0.003 -7"><span class='ocrx_word' id='word_1_92' title='bbox 252 1564 452 1602; x_wconf 73' lang='lat' dir='ltr'><strong>Castricius</strong></span> <span class='ocrx_word' id='word_1_93' title='bbox 476 1565 611 1600; x_wconf 88' lang='lat' dir='ltr'>noster.</span> <span class='ocrx_word' id='word_1_94' title='bbox 1035 1563 1213 1599; x_wconf 73' lang='lat' dir='ltr'>Gratulor</span> <span class='ocrx_word' id='word_1_95' title='bbox 1236 1562 1327 1598; x_wconf 90' lang='lat' dir='ltr'>mihi</span> <span class='ocrx_word' id='word_1_96' title='bbox 1350 1563 1560 1609; x_wconf 88' lang='lat' dir='ltr'>plerosque.</span> 
     </span>
    </p>

    <p class='ocr_par' dir='ltr' id='par_1_10' title="bbox 160 1623 1476 1726">
     <span class='ocr_line' id='line_1_18' title="bbox 160 1623 1340 1664; baseline -0.003 -4"><span class='ocrx_word' id='word_1_97' title='bbox 160 1629 181 1660; x_wconf 86' lang='lat'><strong>3</strong></span> <span class='ocrx_word' id='word_1_98' title='bbox 211 1626 386 1659; x_wconf 79' lang='lat' dir='ltr'>Volumnio</span> <span class='ocrx_word' id='word_1_99' title='bbox 412 1624 602 1664; x_wconf 80' lang='lat' dir='ltr'>Quadrato.</span> <span class='ocrx_word' id='word_1_100' title='bbox 968 1624 988 1655; x_wconf 89' lang='grc'><strong>9</strong></span> <span class='ocrx_word' id='word_1_101' title='bbox 1017 1623 1126 1655; x_wconf 75' lang='lat' dir='ltr'>Arrio</span> <span class='ocrx_word' id='word_1_102' title='bbox 1153 1623 1340 1656; x_wconf 79' lang='lat' dir='ltr'><em>Antonino.</em></span> 
     </span>
     <span class='ocr_line' id='line_1_19' title="bbox 250 1675 1476 1726; baseline -0.003 -11"><span class='ocrx_word' id='word_1_103' title='bbox 250 1679 402 1726; x_wconf 84' lang='lat' dir='ltr'>Legam,</span> <span class='ocrx_word' id='word_1_104' title='bbox 426 1679 488 1714; x_wconf 87' lang='lat' dir='ltr'>fili.</span> <span class='ocrx_word' id='word_1_105' title='bbox 1036 1676 1259 1712; x_wconf 79' lang='lat' dir='ltr'>Valerianus</span> <span class='ocrx_word' id='word_1_106' title='bbox 1286 1675 1476 1712; x_wconf 76' lang='lat' dir='ltr'><strong>Clitianus.</strong></span> 
     </span>
    </p>

    <p class='ocr_par' dir='ltr' id='par_1_11' title="bbox 158 1736 1533 1836">
     <span class='ocr_line' id='line_1_20' title="bbox 158 1736 1533 1781; baseline -0.003 -8"><span class='ocrx_word' id='word_1_107' title='bbox 158 1740 182 1772; x_wconf 77' lang='lat'><strong>4</strong></span> <span class='ocrx_word' id='word_1_108' title='bbox 208 1739 366 1773; x_wconf 76' lang='lat' dir='ltr'>Cornelio</span> <span class='ocrx_word' id='word_1_109' title='bbox 389 1738 592 1781; x_wconf 76' lang='lat' dir='ltr'>Repentino.</span> <span class='ocrx_word' id='word_1_110' title='bbox 949 1737 992 1769; x_wconf 91' lang='lat'>10</span> <span class='ocrx_word' id='word_1_111' title='bbox 1019 1736 1190 1769; x_wconf 73' lang='lat' dir='ltr'>IllViris</span> <span class='ocrx_word' id='word_1_112' title='bbox 1216 1741 1250 1768; x_wconf 81' lang='lat' dir='ltr'>et</span> <span class='ocrx_word' id='word_1_113' title='bbox 1275 1737 1533 1770; x_wconf 74' lang='lat' dir='ltr'>Decurionibus.</span> 
     </span>
     <span class='ocr_line' id='line_1_21' title="bbox 251 1789 1464 1836; baseline -0.002 -8"><span class='ocrx_word' id='word_1_114' title='bbox 251 1792 405 1836; x_wconf 80' lang='lat' dir='ltr'>Fecisti,</span> <span class='ocrx_word' id='word_1_115' title='bbox 430 1793 547 1828; x_wconf 86' lang='lat' dir='ltr'>frater</span> <span class='ocrx_word' id='word_1_116' title='bbox 571 1791 757 1827; x_wconf 76' lang='lat' dir='ltr'>Contucci.</span> <span class='ocrx_word' id='word_1_117' title='bbox 1037 1790 1144 1826; x_wconf 83' lang='lat' dir='ltr'>Meae</span> <span class='ocrx_word' id='word_1_118' title='bbox 1168 1789 1311 1835; x_wconf 85' lang='lat' dir='ltr'>gloriae</span> <span class='ocrx_word' id='word_1_119' title='bbox 1334 1790 1464 1826; x_wconf 86' lang='lat' dir='ltr'>totius.</span> 
     </span>
    </p>

    <p class='ocr_par' dir='ltr' id='par_1_12' title="bbox 161 1849 1531 1951">
     <span class='ocr_line' id='line_1_22' title="bbox 161 1849 1531 1896; baseline -0.003 -10"><span class='ocrx_word' id='word_1_120' title='bbox 161 1854 182 1886; x_wconf 84' lang='lat'><strong>5</strong></span> <span class='ocrx_word' id='word_1_121' title='bbox 205 1850 351 1896; x_wconf 75' lang='lat' dir='ltr'>[Gavio]</span> <span class='ocrx_word' id='word_1_122' title='bbox 375 1851 542 1886; x_wconf 70' lang='lat' dir='ltr'>Maximo.</span> <span class='ocrx_word' id='word_1_123' title='bbox 951 1851 987 1882; x_wconf 82' lang='lat'>11</span> <span class='ocrx_word' id='word_1_124' title='bbox 1017 1849 1189 1883; x_wconf 72' lang='lat' dir='ltr'>IIIVirt‘s</span> <span class='ocrx_word' id='word_1_125' title='bbox 1213 1854 1246 1883; x_wconf 81' lang='lat' dir='ltr'>ee</span> <span class='ocrx_word' id='word_1_126' title='bbox 1271 1850 1531 1883; x_wconf 77' lang='lat' dir='ltr'>Decurionibus.</span> 
     </span>
     <span class='ocr_line' id='line_1_23' title="bbox 254 1903 1492 1951; baseline -0.002 -9"><span class='ocrx_word' id='word_1_127' title='bbox 254 1906 360 1951; x_wconf 87' lang='lat' dir='ltr'>(Cum</span> <span class='ocrx_word' id='word_1_128' title='bbox 384 1904 624 1951; x_wconf 84' lang='lat' dir='ltr'>gravitatem)</span> <span class='ocrx_word' id='word_1_129' title='bbox 634 1907 659 1940; x_wconf 79' lang='lat'>⁶.</span> <span class='ocrx_word' id='word_1_130' title='bbox 1039 1903 1209 1947; x_wconf 85' lang='lat' dir='ltr'>Quantae</span> <span class='ocrx_word' id='word_1_131' title='bbox 1233 1903 1324 1939; x_wconf 89' lang='lat' dir='ltr'>mihi</span> <span class='ocrx_word' id='word_1_132' title='bbox 1349 1915 1459 1940; x_wconf 84' lang='lat' dir='ltr'>curae</span> <span class='ocrx_word' id='word_1_133' title='bbox 1467 1906 1492 1940; x_wconf 88' lang='lat'>⁷.</span> 
     </span>
    </p>
   </div>
   <div class='ocr_carea' id='block_1_8' title="bbox 162 1965 1647 2056">
    <p class='ocr_par' dir='ltr' id='par_1_13' title="bbox 162 1965 1647 2056">
     <span class='ocr_line' id='line_1_24' title="bbox 162 1965 1647 2000; baseline -0.003 0"><span class='ocrx_word' id='word_1_134' title='bbox 162 1968 184 2000; x_wconf 88' lang='grc'><strong>6</strong></span> <span class='ocrx_word' id='word_1_135' title='bbox 210 1966 318 2000; x_wconf 76' lang='lat' dir='ltr'>Arrio</span> <span class='ocrx_word' id='word_1_136' title='bbox 343 1965 528 1999; x_wconf 76' lang='lat' dir='ltr'><em>Antonino.</em></span> <span class='ocrx_word' id='word_1_137' title='bbox 995 1989 1647 1997; x_wconf 90' lang='grc'><strong>...................</strong></span> 
     </span>
     <span class='ocr_line' id='line_1_25' title="bbox 251 2018 649 2056; baseline -0.005 0"><span class='ocrx_word' id='word_1_138' title='bbox 251 2019 411 2056; x_wconf 85' lang='lat' dir='ltr'>Multum</span> <span class='ocrx_word' id='word_1_139' title='bbox 435 2018 649 2054; x_wconf 85' lang='lat' dir='ltr'>amicorum.</span> 
     </span>
    </p>
   </div>
   <div class='ocr_carea' id='block_1_9' title="bbox 163 2126 433 2132">
    <p class='ocr_par' dir='ltr' id='par_1_14' title="bbox 163 2126 433 2132">
     <span class='ocr_line' id='line_1_26' title="bbox 163 2126 433 2132; baseline 0 0"><span class='ocrx_word' id='word_1_140' title='bbox 163 2126 433 2132; x_wconf 95' lang='lat' dir='ltr'> </span> 
     </span>
    </p>
   </div>
   <div class='ocr_carea' id='block_1_10' title="bbox 164 2187 1700 2913">
    <p class='ocr_par' dir='ltr' id='par_1_15' title="bbox 164 2187 1697 2294">
     <span class='ocr_line' id='line_1_27' title="bbox 277 2187 1697 2234; baseline -0.002 -8"><span class='ocrx_word' id='word_1_141' title='bbox 277 2194 295 2226; x_wconf 93' lang='lat'><strong>1</strong></span> <span class='ocrx_word' id='word_1_142' title='bbox 319 2189 415 2225; x_wconf 84' lang='lat' dir='ltr'>Exin</span> <span class='ocrx_word' id='word_1_143' title='bbox 443 2189 578 2225; x_wconf 81' lang='lat' dir='ltr'>lacuna</span> <span class='ocrx_word' id='word_1_144' title='bbox 608 2189 666 2225; x_wconf 86' lang='lat' dir='ltr'>est</span> <span class='ocrx_word' id='word_1_145' title='bbox 694 2199 866 2226; x_wconf 83' lang='lat' dir='ltr'>versuum</span> <span class='ocrx_word' id='word_1_146' title='bbox 889 2187 1026 2233; x_wconf 86' lang='lat' dir='ltr'>XXVI,</span> <span class='ocrx_word' id='word_1_147' title='bbox 1056 2199 1214 2234; x_wconf 88' lang='lat' dir='ltr'>quorum</span> <span class='ocrx_word' id='word_1_148' title='bbox 1243 2199 1318 2225; x_wconf 88' lang='lat' dir='ltr'>non</span> <span class='ocrx_word' id='word_1_149' title='bbox 1342 2188 1413 2224; x_wconf 82' lang='lat' dir='ltr'>nisi</span> <span class='ocrx_word' id='word_1_150' title='bbox 1435 2199 1557 2234; x_wconf 89' lang='lat' dir='ltr'>pauca</span> <span class='ocrx_word' id='word_1_151' title='bbox 1579 2188 1697 2224; x_wconf 84' lang='lat' dir='ltr'>verba</span> 
     </span>
     <span class='ocr_line' id='line_1_28' title="bbox 164 2247 1375 2294; baseline -0.005 -10"><span class='ocrx_word' id='word_1_152' title='bbox 164 2247 371 2294; x_wconf 77' lang='lat' dir='ltr'>aucupatus</span> <span class='ocrx_word' id='word_1_153' title='bbox 394 2257 486 2282; x_wconf 89' lang='lat' dir='ltr'>sum.</span> <span class='ocrx_word' id='word_1_154' title='bbox 536 2248 662 2282; x_wconf 76' lang='lat' dir='ltr'>Maius.</span> <span class='ocrx_word' id='word_1_155' title='bbox 1369 2252 1375 2258; x_wconf 91' lang='lat'><strong>·</strong></span> 
     </span>
    </p>

    <p class='ocr_par' dir='ltr' id='par_1_16' title="bbox 277 2301 1120 2349">
     <span class='ocr_line' id='line_1_29' title="bbox 277 2301 1120 2349; baseline 0 -10"><span class='ocrx_word' id='word_1_156' title='bbox 277 2307 298 2339; x_wconf 80' lang='lat'><strong>2</strong></span> <span class='ocrx_word' id='word_1_157' title='bbox 321 2303 425 2339; x_wconf 86' lang='lat' dir='ltr'>Haec</span> <span class='ocrx_word' id='word_1_158' title='bbox 447 2301 579 2338; x_wconf 86' lang='lat' dir='ltr'>ultima</span> <span class='ocrx_word' id='word_1_159' title='bbox 601 2301 787 2339; x_wconf 86' lang='lat' dir='ltr'>sententia</span> <span class='ocrx_word' id='word_1_160' title='bbox 811 2313 831 2338; x_wconf 91' lang='lat' dir='ltr'>e</span> <span class='ocrx_word' id='word_1_161' title='bbox 855 2302 1026 2349; x_wconf 84' lang='lat' dir='ltr'>margine</span> <span class='ocrx_word' id='word_1_162' title='bbox 1052 2304 1120 2339; x_wconf 85' lang='lat' dir='ltr'>est.</span> 
     </span>
    </p>

    <p class='ocr_par' dir='ltr' id='par_1_17' title="bbox 278 2358 1185 2405">
     <span class='ocr_line' id='line_1_30' title="bbox 278 2358 1185 2405; baseline -0.001 -10"><span class='ocrx_word' id='word_1_163' title='bbox 278 2364 299 2396; x_wconf 87' lang='grc'>3</span> <span class='ocrx_word' id='word_1_164' title='bbox 323 2358 555 2404; x_wconf 83' lang='lat' dir='ltr'>Subscriptio</span> <span class='ocrx_word' id='word_1_165' title='bbox 578 2358 690 2395; x_wconf 86' lang='lat' dir='ltr'>hodie</span> <span class='ocrx_word' id='word_1_166' title='bbox 714 2358 838 2405; x_wconf 84' lang='lat' dir='ltr'>periit.</span> <span class='ocrx_word' id='word_1_167' title='bbox 1182 2363 1185 2366; x_wconf 61' lang='lat'><em>⁴</em></span> 
     </span>
    </p>

    <p class='ocr_par' dir='ltr' id='par_1_18' title="bbox 279 2413 1589 2461">
     <span class='ocr_line' id='line_1_31' title="bbox 279 2413 1589 2461; baseline -0.002 -10"><span class='ocrx_word' id='word_1_168' title='bbox 279 2420 301 2451; x_wconf 82' lang='lat'>4</span> <span class='ocrx_word' id='word_1_169' title='bbox 324 2414 459 2461; x_wconf 89' lang='lat' dir='ltr'>Incipit</span> <span class='ocrx_word' id='word_1_170' title='bbox 483 2414 571 2451; x_wconf 89' lang='lat' dir='ltr'>Cod.</span> <span class='ocrx_word' id='word_1_171' title='bbox 596 2427 633 2461; x_wconf 91' lang='lat' dir='ltr'>p.</span> <span class='ocrx_word' id='word_1_172' title='bbox 659 2419 738 2459; x_wconf 80' lang='lat'>292,</span> <span class='ocrx_word' id='word_1_173' title='bbox 765 2415 1040 2460; x_wconf 67' lang='lat' dir='ltr'>obscurissima,</span> <span class='ocrx_word' id='word_1_174' title='bbox 1065 2426 1161 2461; x_wconf 89' lang='lat' dir='ltr'>quae</span> <span class='ocrx_word' id='word_1_175' title='bbox 1185 2415 1246 2451; x_wconf 84' lang='lat' dir='ltr'>vix</span> <span class='ocrx_word' id='word_1_176' title='bbox 1271 2413 1431 2450; x_wconf 81' lang='lat' dir='ltr'>conferri</span> <span class='ocrx_word' id='word_1_177' title='bbox 1455 2413 1589 2459; x_wconf 90' lang='lat' dir='ltr'>potuit.</span> 
     </span>
    </p>

    <p class='ocr_par' dir='ltr' id='par_1_19' title="bbox 167 2467 1698 2565">
     <span class='ocr_line' id='line_1_32' title="bbox 281 2467 1698 2517; baseline -0.002 -9"><span class='ocrx_word' id='word_1_178' title='bbox 281 2476 302 2508; x_wconf 84' lang='lat'>5</span> <span class='ocrx_word' id='word_1_179' title='bbox 325 2471 384 2507; x_wconf 91' lang='lat' dir='ltr'>Ita</span> <span class='ocrx_word' id='word_1_180' title='bbox 406 2471 580 2517; x_wconf 86' lang='lat' dir='ltr'>legebam</span> <span class='ocrx_word' id='word_1_181' title='bbox 603 2471 643 2507; x_wconf 91' lang='lat' dir='ltr'>in</span> <span class='ocrx_word' id='word_1_182' title='bbox 665 2467 798 2508; x_wconf 83' lang='lat' dir='ltr'>indice&#39;.</span> <span class='ocrx_word' id='word_1_183' title='bbox 833 2471 922 2507; x_wconf 82' lang='lat' dir='ltr'>Mox</span> <span class='ocrx_word' id='word_1_184' title='bbox 943 2473 1072 2508; x_wconf 85' lang='lat' dir='ltr'>tamen</span> <span class='ocrx_word' id='word_1_185' title='bbox 1094 2472 1133 2507; x_wconf 89' lang='lat' dir='ltr'>in</span> <span class='ocrx_word' id='word_1_186' title='bbox 1158 2471 1287 2507; x_wconf 79' lang='lat' dir='ltr'>ordine</span> <span class='ocrx_word' id='word_1_187' title='bbox 1313 2470 1508 2506; x_wconf 82' lang='lat' dir='ltr'>evidentur</span> <span class='ocrx_word' id='word_1_188' title='bbox 1531 2478 1698 2506; x_wconf 74' lang='lat' dir='ltr'>secretum</span> 
     </span>
     <span class='ocr_line' id='line_1_33' title="bbox 167 2530 497 2565; baseline -0.003 -1"><span class='ocrx_word' id='word_1_189' title='bbox 167 2530 321 2565; x_wconf 78' lang='lat' dir='ltr'>servabo.</span> <span class='ocrx_word' id='word_1_190' title='bbox 370 2530 497 2564; x_wconf 72' lang='lat' dir='ltr'>Maius.</span> 
     </span>
    </p>

    <p class='ocr_par' dir='ltr' id='par_1_20' title="bbox 168 2582 1699 2734">
     <span class='ocr_line' id='line_1_34' title="bbox 281 2582 1699 2630; baseline -0.001 -11"><span class='ocrx_word' id='word_1_191' title='bbox 281 2587 302 2620; x_wconf 90' lang='lat'><strong>6</strong></span> <span class='ocrx_word' id='word_1_192' title='bbox 325 2583 397 2620; x_wconf 78' lang='lat' dir='ltr'>Vix</span> <span class='ocrx_word' id='word_1_193' title='bbox 421 2583 552 2620; x_wconf 87' lang='lat' dir='ltr'>dubito</span> <span class='ocrx_word' id='word_1_194' title='bbox 577 2583 665 2629; x_wconf 81' lang='lat' dir='ltr'>quin</span> <span class='ocrx_word' id='word_1_195' title='bbox 689 2583 782 2620; x_wconf 87' lang='lat' dir='ltr'>haec</span> <span class='ocrx_word' id='word_1_196' title='bbox 805 2583 919 2620; x_wconf 85' lang='lat' dir='ltr'>fuerit</span> <span class='ocrx_word' id='word_1_197' title='bbox 941 2583 1007 2620; x_wconf 83' lang='lat' dir='ltr'>ina</span> <span class='ocrx_word' id='word_1_198' title='bbox 1023 2584 1193 2630; x_wconf 86' lang='lat' dir='ltr'>epistula,</span> <span class='ocrx_word' id='word_1_199' title='bbox 1219 2594 1332 2629; x_wconf 90' lang='lat' dir='ltr'>quam</span> <span class='ocrx_word' id='word_1_200' title='bbox 1356 2582 1443 2618; x_wconf 87' lang='lat' dir='ltr'>dedi</span> <span class='ocrx_word' id='word_1_201' title='bbox 1465 2583 1504 2618; x_wconf 90' lang='lat' dir='ltr'>in</span> <span class='ocrx_word' id='word_1_202' title='bbox 1527 2582 1624 2618; x_wconf 88' lang='lat' dir='ltr'>libro</span> <span class='ocrx_word' id='word_1_203' title='bbox 1649 2583 1699 2619; x_wconf 90' lang='lat' dir='ltr'>ad</span> 
     </span>
     <span class='ocr_line' id='line_1_35' title="bbox 168 2639 1699 2687; baseline -0.001 -10"><span class='ocrx_word' id='word_1_204' title='bbox 168 2641 292 2686; x_wconf 89' lang='lat' dir='ltr'>Pium,</span> <span class='ocrx_word' id='word_1_205' title='bbox 328 2640 416 2687; x_wconf 86' lang='lat' dir='ltr'>quia</span> <span class='ocrx_word' id='word_1_206' title='bbox 444 2640 521 2676; x_wconf 89' lang='lat' dir='ltr'>illic</span> <span class='ocrx_word' id='word_1_207' title='bbox 550 2641 588 2676; x_wconf 88' lang='lat' dir='ltr'>et</span> <span class='ocrx_word' id='word_1_208' title='bbox 618 2640 794 2677; x_wconf 85' lang='lat' dir='ltr'>contenta</span> <span class='ocrx_word' id='word_1_209' title='bbox 821 2639 892 2675; x_wconf 81' lang='lat' dir='ltr'>fuit</span> <span class='ocrx_word' id='word_1_210' title='bbox 921 2641 961 2676; x_wconf 90' lang='lat' dir='ltr'>et</span> <span class='ocrx_word' id='word_1_211' title='bbox 990 2651 1074 2676; x_wconf 84' lang='lat' dir='ltr'>eam</span> <span class='ocrx_word' id='word_1_212' title='bbox 1097 2639 1258 2676; x_wconf 86' lang='lat' dir='ltr'>retinere</span> <span class='ocrx_word' id='word_1_213' title='bbox 1282 2639 1387 2676; x_wconf 86' lang='lat' dir='ltr'>licuit</span> <span class='ocrx_word' id='word_1_214' title='bbox 1409 2640 1566 2685; x_wconf 86' lang='lat' dir='ltr'>propter</span> <span class='ocrx_word' id='word_1_215' title='bbox 1589 2651 1699 2685; x_wconf 87' lang='lat' dir='ltr'>argu-</span> 
     </span>
     <span class='ocr_line' id='line_1_36' title="bbox 168 2697 748 2734; baseline 0 -1"><span class='ocrx_word' id='word_1_216' title='bbox 168 2697 286 2733; x_wconf 88' lang='lat' dir='ltr'>menti</span> <span class='ocrx_word' id='word_1_217' title='bbox 309 2697 366 2733; x_wconf 82' lang='lat' dir='ltr'>sui</span> <span class='ocrx_word' id='word_1_218' title='bbox 388 2698 572 2734; x_wconf 83' lang='lat' dir='ltr'>naturam.</span> <span class='ocrx_word' id='word_1_219' title='bbox 622 2699 748 2734; x_wconf 69' lang='lat' dir='ltr'>Maius.</span> 
     </span>
    </p>

    <p class='ocr_par' dir='ltr' id='par_1_21' title="bbox 168 2752 1700 2913">
     <span class='ocr_line' id='line_1_37' title="bbox 283 2752 1698 2800; baseline -0.001 -10"><span class='ocrx_word' id='word_1_220' title='bbox 283 2758 303 2790; x_wconf 79' lang='lat'>7</span> <span class='ocrx_word' id='word_1_221' title='bbox 329 2753 473 2790; x_wconf 86' lang='lat' dir='ltr'>Codicis</span> <span class='ocrx_word' id='word_1_222' title='bbox 503 2752 665 2800; x_wconf 85' lang='lat' dir='ltr'>spatium</span> <span class='ocrx_word' id='word_1_223' title='bbox 701 2752 939 2789; x_wconf 84' lang='lat' dir='ltr'>obscuratum</span> <span class='ocrx_word' id='word_1_224' title='bbox 968 2753 1067 2789; x_wconf 88' lang='lat' dir='ltr'>inter</span> <span class='ocrx_word' id='word_1_225' title='bbox 1098 2752 1280 2799; x_wconf 83' lang='lat' dir='ltr'>epistulae</span> <span class='ocrx_word' id='word_1_226' title='bbox 1311 2759 1458 2799; x_wconf 77' lang='lat' dir='ltr'>quantae</span> <span class='ocrx_word' id='word_1_227' title='bbox 1487 2755 1567 2789; x_wconf 70' lang='lat' dir='ltr'>milti</span> <span class='ocrx_word' id='word_1_228' title='bbox 1595 2766 1698 2789; x_wconf 77' lang='lat' dir='ltr'>curae</span> 
     </span>
     <span class='ocr_line' id='line_1_38' title="bbox 168 2808 1697 2856; baseline -0.001 -10"><span class='ocrx_word' id='word_1_229' title='bbox 168 2810 319 2846; x_wconf 88' lang='lat' dir='ltr'>titulum</span> <span class='ocrx_word' id='word_1_230' title='bbox 349 2809 568 2856; x_wconf 82' lang='lat' dir='ltr'>initiumque</span> <span class='ocrx_word' id='word_1_231' title='bbox 598 2809 686 2845; x_wconf 85' lang='lat' dir='ltr'>libri</span> <span class='ocrx_word' id='word_1_232' title='bbox 710 2820 785 2845; x_wconf 87' lang='lat' dir='ltr'>non</span> <span class='ocrx_word' id='word_1_233' title='bbox 807 2809 891 2856; x_wconf 85' lang='lat' dir='ltr'>plus</span> <span class='ocrx_word' id='word_1_234' title='bbox 915 2809 1016 2856; x_wconf 90' lang='lat' dir='ltr'>capit</span> <span class='ocrx_word' id='word_1_235' title='bbox 1046 2821 1159 2855; x_wconf 87' lang='lat' dir='ltr'>quam</span> <span class='ocrx_word' id='word_1_236' title='bbox 1190 2810 1356 2854; x_wconf 47' lang='lat' dir='ltr'>quatuor,</span> <span class='ocrx_word' id='word_1_237' title='bbox 1379 2809 1538 2845; x_wconf 82' lang='lat' dir='ltr'>aliarum</span> <span class='ocrx_word' id='word_1_238' title='bbox 1561 2808 1697 2855; x_wconf 89' lang='lat' dir='ltr'>epistu-</span> 
     </span>
     <span class='ocr_line' id='line_1_39' title="bbox 170 2864 1700 2913; baseline 0.001 -11"><span class='ocrx_word' id='word_1_239' title='bbox 170 2866 289 2902; x_wconf 87' lang='lat' dir='ltr'>larum</span> <span class='ocrx_word' id='word_1_240' title='bbox 302 2866 443 2911; x_wconf 83' lang='lat' dir='ltr'>titulos‚</span> <span class='ocrx_word' id='word_1_241' title='bbox 461 2865 491 2902; x_wconf 88' lang='lat' dir='ltr'>si</span> <span class='ocrx_word' id='word_1_242' title='bbox 503 2867 630 2903; x_wconf 82' lang='lat' dir='ltr'>tamen</span> <span class='ocrx_word' id='word_1_243' title='bbox 645 2865 684 2901; x_wconf 90' lang='lat' dir='ltr'>id</span> <span class='ocrx_word' id='word_1_244' title='bbox 700 2866 862 2912; x_wconf 88' lang='lat' dir='ltr'>spatium</span> <span class='ocrx_word' id='word_1_245' title='bbox 877 2867 1000 2902; x_wconf 89' lang='lat' dir='ltr'>totum</span> <span class='ocrx_word' id='word_1_246' title='bbox 1017 2866 1202 2913; x_wconf 82' lang='lat' dir='ltr'>scriptura</span> <span class='ocrx_word' id='word_1_247' title='bbox 1218 2866 1440 2912; x_wconf 84' lang='lat' dir='ltr'>occupatum</span> <span class='ocrx_word' id='word_1_248' title='bbox 1457 2864 1538 2902; x_wconf 88' lang='lat' dir='ltr'>fuit.</span> <span class='ocrx_word' id='word_1_249' title='bbox 1573 2868 1700 2903; x_wconf 78' lang='lat' dir='ltr'>Maius.</span> 
     </span>
    </p>
   </div>
  </div>
 </body>
</html>
