1968 3158
692 165 934 203 PRINCIPIA
960 163 1232 202 HISTORIAE.
1644 166 1726 209 207

196 280 444 324 omittendis
490 282 533 324 in
573 281 750 324 velitum
800 283 927 337 atque
971 280 1234 323 funditorum
1282 279 1455 323 modum
1499 279 1725 322 seminudi.

195 347 373 392 Praeter
402 349 693 393 huiuscemodi
731 349 936 392 dedecora
976 348 1097 392 malis
1127 347 1299 404 proeliis
1333 348 1395 391 ita
1424 348 1608 404 perculsi
1638 348 1728 391 fue-

195 419 312 472 runt,
344 419 394 460 ut
419 417 472 460 ad
510 417 698 473 primum
735 417 994 460 Parthorum
1033 419 1308 473 conspectum
1337 419 1463 473 terga
1494 417 1726 471 verterent,

194 485 320 528 tubas
350 485 473 542 quasi
501 486 633 543 fugae
664 485 837 541 signum
869 485 1066 528 canentis
1104 484 1342 527 audirentss.
1403 484 1589 529 Tantam
1618 484 1728 527 mili-

195 554 302 597 taris
332 553 586 610 disciplinae
617 553 757 596 labem
788 553 988 606 coercuit,
1021 552 1233 598 industria
1263 568 1340 595 sua
1371 552 1424 595 ad
1453 552 1728 596 militandum

196 622 391 678 exemplo
428 621 704 678 proposita.{¹
762 620 931 663 Primus
977 621 1068 676 ipse
1106 621 1153 663 in
1190 620 1364 677 agmine
1400 620 1514 663 haud
1558 621 1727 677 saepius

195 704 302 746 equo
331 689 430 733 vehi
467 704 595 746 quam
632 689 812 745 pedibus
849 689 1018 732 fatisci:
1058 691 1149 731 tam
1186 688 1318 731 solem
1356 689 1564 731 torridum
1599 689 1728 732 facile

194 772 323 813 quam
352 757 466 800 diem
503 771 701 800 serenum
737 756 870 800 ferre:
909 757 1129 812 pulverem
1167 757 1408 800 confertum
1445 771 1522 812 pro
1560 757 1727 800 nebulis

193 826 306 881 pati:
337 825 533 868 sudorem
563 825 609 867 in
641 825 785 880 armis,
818 827 867 867 ut
895 825 941 867 in
957 824 1151 878 ludicris,
1183 825 1360 880 insuper
1387 824 1567 867 habere:
1599 827 1729 881 caput

194 893 417 949 apertum²
448 893 526 936 soli
558 895 602 935 et
638 893 846 935 imbribus
877 895 920 936 et
949 892 1152 949 grandini
1184 895 1227 934 et
1257 892 1428 934 nivibus
1462 907 1599 948 neque
1637 907 1726 936 cor-

175 961 298 1016 ‘pus³
336 962 538 1004 adversus
569 960 656 1003 tela
692 960 905 1003 munitum
942 961 1167 1016 praebere:
1217 961 1462 1016 spectandis
1500 961 1547 1003 in
1578 976 1729 1017 eampo

193 1029 402 1072 militibus
437 1044 612 1085 operam
649 1029 764 1083 dare,
806 1031 850 1071 et
887 1043 1041 1085 aegros
1078 1028 1350 1071 intervisere:
1390 1043 1478 1070 non
1515 1028 1729 1071 incuriose

194 1112 271 1153 per
299 1097 485 1141 militum
525 1097 807 1140 contubernia
836 1097 1044 1151 transire3
1083 1097 1158 1139 sed
1187 1096 1299 1139 forte
1335 1098 1496 1139 temere
1526 1095 1729 1151 Syrorum

194 1166 428 1210 munditias
449 1165 755 1221 introspicere⁴¹
786 1164 1110 1208 Pannoniorum
1131 1164 1348 1207 inscitias:
1380 1164 1430 1206 de
1453 1163 1570 1206 cultu
1593 1164 1729 1206 cuius-

193 1249 274 1290 que
312 1234 536 1291 ingenium
574 1234 820 1277 arbitrarib.
882 1233 985 1276 Sero
1023 1233 1116 1289 ipso
1153 1235 1252 1288 post
1281 1232 1423 1275 decisa
1459 1232 1635 1287 negotia
1671 1231 1729 1273 la-

194 1302 330 1345 vari⁵:
369 1317 519 1345 mensa
558 1302 720 1357 sobria,
768 1302 884 1344 victu
927 1302 973 1343 111
1013 1301 1165 1343 castris
1210 1301 1398 1356 plebeio:
1445 1300 1592 1342 vinum
1630 1300 1727 1355 loci,

194 1385 348 1427 aquam
391 1371 597 1426 temporis
640 1370 838 1413 biberecz
895 1370 1080 1425 primam
1123 1369 1318 1426 vigiliam
1362 1368 1488 1410 facile
1534 1368 1727 1424 vigilare,

192 1433 455 1495 postremum
486 1436 734 1481 iamdudum
765 1438 1014 1494 expergitus
1034 1437 1240 1493 operirissz
1271 1437 1416 1478 labore
1440 1436 1579 1492 magis
1601 1450 1730 1491 quam

193 1508 281 1550 otio
310 1507 487 1550 laetari:
526 1507 614 1549 otio
645 1507 699 1548 ad
728 1506 919 1549 laborem
949 1505 1119 1548 abutid:
1160 1519 1293 1547 vacua
1329 1504 1588 1546 militaribus
1624 1506 1729 1546 tem-

194 1589 298 1630 pora
329 1575 524 1617 civilibus
562 1574 750 1630 negotiis
786 1588 1009 1629 occupare.
1079 1573 1131 1615 In
1167 1572 1375 1628 paenuria
1412 1572 1554 1614 subita
1600 1571 1729 1613 ramis

194 1657 516 1698 nonnumquam
546 1644 590 1684 et
619 1641 844 1684 frondibus
866 1656 943 1697 pro
964 1641 1228 1696 supellectile
1258 1654 1359 1682 usus
1383 1642 1461 1693 est,
1495 1640 1729 1695 caespitem

192 1710 410 1753 interdum
430 1713 480 1752 ut
498 1712 641 1752 torum
671 1709 896 1752 incubans.
954 1709 1159 1752 Somnum
1191 1708 1305 1763 cepit
1334 1707 1479 1750 labore
1509 1710 1725 1763 paratum,

194 1793 281 1821 non
326 1778 498 1820 silentio
543 1778 785 1834 quaesitum
795 1787 823 1820 θ.
877 1777 1084 1836 Graviora
1110 1774 1331 1835 ‘[de]mum
1367 1789 1564 1831 perverse
1609 1775 1728 1817 facta

194 1861 338 1889 severe
369 1846 686 1900 animadvertit,
719 1845 878 1888 leviora
898 1845 1038 1887 sciens
1059 1844 1372 1886 dissimulavit:
1412 1843 1551 1886 locum
1581 1843 1727 1899 paeni-

193 1915 313 1957 tendi
358 1914 544 1970 reliquit.
614 1913 727 1956 Nam
749 1914 783 1970 Ι7
806 1913 962 1956 delicta
1007 1928 1083 1955 sua
1127 1913 1339 1968 plerique,
1392 1911 1492 1954 dum
1535 1912 1724 1967 ignorari

309 2051 332 2075 a
355 2042 400 2075 In
423 2043 592 2085 margine:
618 2039 745 2075 Tubas
771 2059 814 2063 —
839 2039 1013 2074 canentes
1039 2039 1102 2082 (ita
1126 2038 1216 2082 cod.)
1243 2035 1424 2072 audirent.

274 2114 278 2117 -
308 2097 332 2131 b
357 2099 402 2131 In
426 2099 594 2142 margine:
618 2095 674 2131 De
699 2095 798 2130 cultu
822 2114 867 2120 —
890 2093 1075 2130 arbitrari.

309 2164 328 2188 c
351 2155 396 2188 ln
420 2156 587 2198 margine:
613 2151 751 2187 Vinum
769 2172 811 2177 —-
836 2150 978 2186 bibere.

307 2209 332 2244 d
356 2212 400 2245 In
424 2213 592 2255 margine:
618 2209 763 2244 Labore
788 2227 832 2232 —-
856 2207 972 2244 abuti.

309 2277 328 2302 e
354 2269 399 2302 In
422 2269 589 2311 margine:
615 2265 793 2301 Somnum
818 2264 947 2300 labore
972 2267 1146 2309 paratum
1173 2284 1214 2289 -
1241 2262 1462 2308 quaesitum.

310 2372 327 2403 1
353 2368 488 2414 Incipit
511 2366 600 2403 Cod.
626 2379 662 2413 p.
689 2370 765 2403 257.

307 2428 328 2459 2
353 2424 598 2469 Praeceptum
628 2422 860 2458 Platonicum
891 2422 961 2458 hoc
992 2423 1065 2464 est,
1102 2422 1326 2458 observante
1350 2421 1564 2466 Hieronym.
1592 2431 1723 2457 comm.

195 2481 233 2516 in
256 2479 388 2516 Matth.
423 2480 448 2514 Ι.
486 2484 537 2516 10.
567 2483 616 2514 10.
668 2481 792 2516 Maius.
835 2478 1081 2523 Hieronymus
1111 2478 1150 2512 in
1174 2479 1299 2513 mente
1324 2476 1456 2512 habuit
1480 2477 1573 2513 Plat.
1607 2478 1723 2522 Legg.

195 2537 272 2572 XII.
300 2540 366 2572 942
391 2535 434 2570 D.

309 2598 328 2628 3
353 2591 532 2627 Excidere
557 2590 718 2636 quinque
743 2590 922 2631 litterae·

308 2654 330 2685 4
354 2648 505 2694 Aliquid
528 2647 589 2683 hic
612 2647 650 2682 in
676 2646 809 2684 Codice
833 2647 1026 2683 turbatum
1052 2658 1131 2683 esse
1156 2647 1326 2693 apparet.
1359 2646 1442 2681 Non
1467 2646 1601 2681 sufficit
1625 2646 1724 2691 quod

196 2707 315 2742 Maius
338 2704 561 2751 interposuit
585 2712 631 2743 et.
662 2703 896 2740 Heindorfius
921 2714 989 2749 pro
1003 2707 1097 2748 forte
1114 2710 1239 2739 temere
1256 2703 1439 2749 proponit
1462 2716 1572 2748 prope
1590 2707 1723 2739 intueri.

311 2768 331 2798 5
356 2761 444 2797 Cod.
471 2760 668 2796 videbatur
691 2760 831 2796 habere
856 2764 945 2795 lavat
971 2767 1013 2796 et.

308 2823 328 2853 6
353 2819 410 2853 Ita.
434 2817 568 2853 Codex.
906 2847 909 2850 .

309 2879 328 2911 7
354 2873 528 2920 Sequitur
552 2873 640 2909 Cod.
666 2885 701 2919 p.
730 2876 806 2917 ⁶256,
830 2873 866 2908 in
892 2884 966 2918 qua
989 2884 1108 2919 pauca
1133 2872 1309 2919 distingui
1333 2875 1497 2919 possunt.
