1968 3158
234 152 315 194 120
512 150 561 185 M.
581 149 806 185 CORNELII
831 148 1108 185 FRONTONIS
1133 149 1475 188 EPISTULARUM

230 264 351 306 Nihil
390 267 453 305 est
490 264 551 304 ita
591 262 742 303 durum
780 264 854 303 aut
890 262 952 304 ita
989 263 1192 305 injurium
1230 251 1342 319 quod
1375 263 1478 324 [tu]¹
1516 267 1658 309 facere
1689 267 1758 309 ad-

230 346 418 384 versum,
469 331 501 386 j‘2
534 331 569 371 si
599 330 783 372 maxime
815 330 938 385 velis,
986 331 1143 386 possis,
1190 333 1295 387 quin
1325 347 1405 388 ego
1436 348 1488 376 ex
1517 337 1560 376 te
1591 335 1759 391 gaudiis

231 397 503 453 amplissimis
535 397 789 440 abundema.

343 465 537 507 Virtutes
574 467 671 507 tuas
709 466 884 508 bellicas
923 469 966 508 et
1002 467 1205 509 militaria
1218 467 1234 492 3
1277 467 1470 510 facinora
1513 472 1589 511 tua
1633 472 1760 525 atque

232 533 425 575 consulta
462 548 528 575 me
565 548 681 576 nunc
719 534 894 576 laudare
940 536 988 575 tu
1026 534 1211 577 forsitan
1248 536 1412 590 putes⁴.
1481 536 1642 586 Quibus
1681 551 1761 594 ego

230 602 370 655 rebus,
404 601 577 643 tametsi
608 603 709 643 sunt
738 601 1052 656 pulcherrimae
1082 603 1128 644 in
1158 617 1248 644 rem
1278 603 1496 658 publicam
1517 604 1760 660 imperium-

230 669 337 724 que5
366 669 513 723 populi
543 669 709 711 romani
739 670 940 725 optimae,
974 670 1275 726 amplissimae,
1307 672 1423 713 tamG
1453 672 1506 714 iis
1535 686 1615 728 ego
1635 672 1761 714 rebus

228 737 439 778 laetandis
469 737 636 778 virilem
668 752 763 779 cum
795 738 947 779 ceteris
977 738 1218 792 portionem
1246 739 1480 795 voluptatis
1512 740 1648 796 capio.
1692 739 1761 782 Ex

230 804 472 859 eloquentia
503 807 646 846 autem
675 807 771 859 tua,
813 819 941 860 quam
980 805 1151 860 scriptis
1191 807 1243 848 ad
1277 810 1474 849 senatum
1503 808 1658 850 litteris
1692 808 1760 850 de-

232 872 426 927 clarasti,
460 887 540 928 ego
570 873 656 914 iam
687 872 758 914 hic
788 873 1021 928 triumpho.

343 940 504 995 Recepi
535 941 676 995 recepi
713 940 934 995 habeoque
971 943 1182 997 teneoque
1221 957 1391 984 omnem
1430 944 1505 985 abs
1535 946 1578 985 te
1620 958 1761 986 cumu—

227 1009 362 1050 latam
391 1023 539 1064 parem
569 1008 775 1063 gratiam:
806 1023 980 1063 possum
1010 1009 1097 1051 iam
1125 1010 1175 1051 de
1205 1010 1294 1051 Vita
1325 1010 1438 1052 laeto
1470 1011 1612 1053 animo
1643 1026 1761 1054 exce—

229 1077 339 1131 dere,
372 1090 532 1132 magno
562 1090 715 1130 operae
746 1090 866 1118 meae
897 1077 1062 1131 praetio
1092 1079 1309 1133 percepto,
1341 1092 1584 1134 magnoque
1614 1094 1761 1122 monu-

228 1147 373 1187 mento
400 1145 453 1186 ad
479 1146 698 1186 aeternam
723 1144 907 1200 gloriam
935 1144 1099 1186 relicto.
1131 1144 1391 1200 Magistrum
1406 1160 1474 1188 me
1489 1148 1611 1188 tuum
1629 1147 1762 1190 fuisse

230 1215 304 1254 aut
334 1213 476 1254 sciunt
506 1226 653 1254 omnes
689 1211 884 1253 homines
924 1215 998 1254 aut
1027 1213 1262 1267 opinantur
1301 1215 1375 1255 aut
1411 1214 1531 1255 vobis
1568 1214 1759 1257 credunt.

230 1280 350 1330 Quod
372 1280 592 1335 equidem⁷
615 1280 787 1335 parcius
808 1279 1005 1321 mihimet
1027 1280 1291 1336 adrogarem,
1315 1281 1399 1322 nisi
1415 1295 1488 1323 vos
1510 1281 1622 1324 ultro
1642 1297 1762 1337 prae-

231 1349 451 1391 dicaretis:
486 1347 558 1406 [id]
583 1348 785 1403 quoniam
809 1346 897 1404 [vos
918 1347 1191 1405 praedicatis]
1204 1348 1235 1401 8,
1261 1362 1340 1403 ego
1356 1363 1526 1404 ,nequeo
1556 1351 1759 1405 negareb.

345 1415 532 1458 Bellicae
562 1416 697 1471 igitur
726 1418 825 1456 tuae
855 1415 993 1457 laudis
1025 1417 1068 1457 et
1098 1416 1295 1458 adoriae9
1336 1416 1491 1458 multos
1522 1417 1653 1459 habes
1692 1418 1762 1460 ad-

230 1483 465 1538 ministros,
498 1484 716 1538 multaque
747 1484 1007 1524 armatorum
1036 1483 1155 1524 milia
1182 1483 1369 1538 undique
1399 1484 1595 1539 gentium
1626 1485 1764 1527 accita

230 1552 454 1594 victoriam
498 1551 578 1593 tibi
623 1551 876 1592 adnituntur
921 1553 964 1592 et
1007 1550 1234 1592 adiubant:
1293 1551 1535 1606 eloquentia
1586 1550 1714 1610 [vero]
1730 1552 1763 1579 ¹⁰

234 1620 373 1662 ausim
395 1619 535 1661 dicere
555 1633 649 1660 meo
674 1619 818 1672 ductu,
843 1617 1017 1673 Caesar,
1040 1632 1217 1673 meoque
1239 1619 1428 1674 auspicio
1448 1622 1552 1661 nata
1570 1622 1674 1662 estc.
1713 1621 1763 1676 Ι11

350 1687 433 1743 1¹2.
461 1720 469 1728 .
496 1720 504 1728 .
529 1686 705 1740 spolia.
743 1719 750 1727 .
787 1720 794 1727 .
830 1686 887 1727 .¹3
918 1691 1010 1737 reyz'
1036 1685 1294 1728 Parthorum
1325 1689 1522 1742 prompte
1552 1690 1595 1730 et
1624 1688 1764 1743 gravi-

346 1811 368 1834 a
392 1802 437 1833 In
462 1802 628 1843 maryine:
654 1798 756 1833 Nihil
781 1799 837 1834 est
860 1819 903 1823 —
930 1798 1128 1834 abundem.

344 1856 368 1890 b
396 1858 439 1890 In
462 1859 613 1899 margine
635 1869 670 1899 p.
689 1858 778 1890 431:
803 1855 950 1900 parcius
973 1855 1242 1900 praedicarem,
1268 1856 1338 1891 nisi
1361 1866 1426 1891 vos
1450 1856 1548 1891 ultro
1573 1856 1762 1892 diceretis:

198 1913 206 1921 ‘
235 1912 335 1957 quod
360 1922 425 1947 vos
449 1911 675 1956 praedicatis
699 1922 843 1956 nequeo
867 1922 1017 1956 negare.

347 1979 366 2003 c
391 1970 435 2002 In
451 1972 600 2013 mar-‚qim
615 1974 800 2012 supersunt
814 1971 897 2002 haec
908 1971 1065 2011 vestiyia:
1091 1968 1281 2012 multaque
1299 1969 1580 2004 armatorum—
1593 1970 1683 2005 nata
1696 1970 1762 2005 est.

352 2063 367 2093 l
393 2058 513 2094 Maius
537 2061 626 2100 mihi,
651 2058 717 2093 sed
741 2058 836 2093 duae
861 2059 1008 2093 tantum
1033 2057 1180 2094 litterae
1206 2058 1350 2094 desunt.

348 2119 368 2150 2
393 2114 529 2159 Incipit
553 2113 641 2149 Cod.
667 2114 795 2149 Ambr.
821 2126 857 2159 p.
876 2118 954 2149 432.

349 2176 368 2206 3
395 2169 483 2206 Cod.
510 2182 565 2215 pr.
591 2182 639 2205 m.
666 2174 869 2208 midictaria.

347 2231 369 2262 4
394 2227 482 2262 Cod.
508 2238 564 2272 pr.
592 2238 640 2260 m.
667 2234 702 2260 ιιι
727 2235 787 2267 est,
814 2227 879 2262 sed
904 2234 956 2261 est
980 2238 1128 2263 erasum
1154 2228 1210 2263 est
1234 2229 1272 2263 et
1296 2239 1408 2274 supra
1433 2240 1500 2264 scr.
1524 2236 1634 2275 putes.

349 2288 368 2319 5
393 2283 451 2318 Ita
476 2283 610 2318 Codex.
659 2282 778 2318 Maius
802 2287 980 2328 inperium.

347 2344 367 2374 6
393 2340 451 2375 Ita
476 2339 600 2375 Codex
623 2350 692 2384 pro
718 2347 838 2374 tamen.
887 2339 1127 2375 Archaismus
1152 2341 1218 2375 est.
1267 2344 1392 2376 Maius.

349 2401 368 2431 7
395 2396 534 2432 Codex:
561 2399 745 2441 (tequidem,
771 2396 836 2431 sed
861 2407 952 2431 corr.

349 2456 369 2487 8
393 2453 487 2487 Rem
505 2451 550 2487 de
568 2463 606 2487 se
624 2452 784 2487 testatur
799 2452 946 2488 Marcus
963 2453 1008 2488 de
1025 2454 1102 2489 reb.
1118 2454 1145 2488 Ι.
1164 2457 1216 2489 13.
1243 2456 1368 2491 Maius.
1411 2454 1644 2490 Heindorfius
1660 2467 1765 2500 prae-

235 2510 324 2545 fert:
351 2522 408 2544 vos
433 2512 587 2554 quoniam
607 2513 831 2552 praedicatis,

349 2570 369 2600 9
393 2565 451 2600 Ita
481 2563 615 2600 Codex.
663 2564 894 2600 Ecksteinius
923 2565 1053 2601 laudat
1083 2565 1125 2601 Ο.
1156 2565 1376 2602 Muellerum
1404 2566 1443 2602 in
1472 2566 1582 2602 Festo
1612 2579 1648 2612 p.
1675 2572 1696 2602 3
1727 2568 1765 2603 et

236 2621 487 2657 Hildebrand-
506 2621 640 2666 Appul.
668 2620 709 2656 T.
736 2622 762 2656 Ι.
789 2634 824 2667 p.
852 2626 928 2658 580.

330 2683 370 2713 10
394 2677 496 2712 Nihil
521 2688 612 2722 opus
639 2682 720 2713 erat
743 2677 814 2713 hoc
837 2691 928 2715 vero.
975 2682 1206 2724 Heindorfius.

329 2739 369 2768 11
395 2733 571 2778 Sequitur
596 2732 683 2769 Cod.
711 2734 839 2770 Ambr.
866 2747 901 2780 p.
921 2739 998 2779 431,
1025 2746 1119 2781 quae
1143 2736 1226 2772 tota
1251 2746 1357 2771 erasa
1381 2736 1447 2771 est.

330 2794 371 2824 12
397 2789 570 2834 Sequitur
596 2789 681 2825 Cod.
709 2789 828 2826 Vatic.
853 2803 890 2837 p.
918 2795 970 2827 14.

353 2851 372 2882 3
398 2845 575 2882 Excidere
601 2857 726 2882 versus
751 2847 845 2882 octo.
