1968 3158
708 171 976 209 EPISTULAE
1002 173 1239 210 GRAECAE.
1654 174 1740 218 255

719 286 839 330 VIII.
893 288 1190 344 (Ἐρωτικός.
1204 288 1251 344 ¹)-

315 377 371 420 Ὦ
401 378 499 432 φίλε
531 380 630 430 παῖ,
667 378 813 431 τρίτον
851 380 930 432 ἤδη
971 393 1037 422 ςοι
1066 382 1198 422 τοῦτο
1228 380 1326 433 περὶ
1353 382 1442 423 τῶν
1474 379 1620 424 αὐτῶν
1652 381 1739 424 ἑπι-

201 446 385 499 ςτέλλω,
416 447 466 489 τὸ
497 447 574 499 μὲν
604 449 781 500 πρῶτον
813 447 883 490 διὰ
903 447 1058 491 Λυςίου
1086 450 1166 490 τοῦ
1200 448 1423 503 Κεφάλου,
1454 449 1660 502 δεύτερον
1690 450 1737 492 δὲ

200 514 271 557 διὰ
299 514 542 558 Πλάτωνος
571 514 679 558 τοῦῖ
710 518 866 569 ςοφοῦ,
897 516 948 558 τὸ
978 516 1026 558 δὲ
1057 517 1108 568 δὴ
1140 515 1283 569 τρίτον
1316 517 1386 559 διὰ
1406 519 1534 560 τοῦδε
1565 520 1644 560 τοῦ
1675 518 1737 562 ξέ-

200 595 283 625 νου
321 582 505 636 ἀνδρός,
551 584 629 635 τὴν
667 584 742 635 μὲν
780 585 939 638 φωνὴν
979 584 1130 635 ὀλίγου
1160 585 1524 639 δεῖνιβαρβάρου,
1571 587 1648 638 τὴν
1689 587 1737 629 δὲ

198 650 391 704 γνώμην,
423 651 483 694 ὡς
514 651 688 708 ἐγῷμαι,
723 652 776 695 οὐ
806 651 921 694 πάνυ
952 652 1173 696 ἀξυνέτου.
1225 653 1382 707 Γράφω
1414 655 1462 696 δὲ
1492 656 1574 697 νῦν
1605 654 1735 697 οὐδέν

199 733 238 762 τι
275 721 367 762 νῶν
403 719 620 772 πρότερον
657 721 966 773 γεγραμμένων
1006 721 1331 776 ἐφαπτόμενος,
1376 722 1480 774 μηδὲ
1526 721 1735 778 ἀμελήςῃς

198 789 278 830 τοῦ
309 787 445 838 λόγου
477 786 537 830 ὡς
567 790 950 839 παλιλλογοῦντος.
993 789 1034 831 Εἰ
1055 789 1101 831 δέ
1130 802 1195 832 ςοι
1225 789 1364 833 δόξει3
1394 787 1484 834 τ’ῶν
1516 791 1734 844 πρότερον

198 855 268 897 διὰ
298 854 454 898 Λυςίου
485 856 552 898 καὶ
572 856 814 900 Πλάτωνος
834 856 1161 909 ἐπεςταλμένων
1184 857 1319 900 πλείω
1339 858 1438 900 τάδ’
1468 858 1593 911 εἶναι,
1625 860 1733 903 ἔςτω

198 937 264 966 ςοι
293 924 534 977 τεκμήριον,
566 924 626 967 ὡς
657 925 818 976 εὔλογα
847 923 966 979 ἀξιῶ,
1000 924 1065 968 ὅτι
1096 925 1177 968 οὐκ
1207 925 1362 979 ἀπορῶ
1394 926 1552 978 λόγων.
1593 929 1733 981 Προς-

198 991 314 1044 έχοις
344 993 388 1034 δ’
419 992 472 1035 ἂν
504 993 583 1045 ἤδη
613 994 691 1036 τὸν
723 995 854 1044 νοῦν,
899 994 934 1036 εἰ
970 994 1095 1036 καινά
1133 1008 1177 1037 τε
1209 993 1294 1046 ἅμα
1323 995 1391 1037 καὶ
1427 996 1566 1038 δίκαια
1605 997 1731 1046 λέγω.

310 1061 493 1111 Ἔοικας,
525 1060 560 1102 ὦ
583 1063 672 1116 παῖ,
705 1061 792 1114 πρὸ
813 1064 891 1104 τοῦ
923 1062 1057 1112 λόγου
1088 1062 1290 1105 πάντως*1
1314 1064 1538 1117 βούλεςθαι
1567 1066 1729 1118 μαθεῖν,

195 1127 235 1170 τί
263 1128 425 1180 δήποτέ
453 1142 503 1179 γε
515 1129 531 1153 ·‘'
560 1130 614 1182 μὴ
646 1129 761 1182 ἐρῶν
791 1129 877 1180 ἐγὼ
918 1130 1023 1182 μετὰ
1062 1130 1270 1183 τοςαύτης
1308 1134 1497 1184 ςπουδῆς
1535 1132 1732 1184 γλίχομαι

195 1198 341 1250 τυχεῖν
373 1197 521 1250 ὧνπερ
553 1197 594 1239 οἱ
623 1197 821 1250 ἐρῶντες.
871 1198 1012 1240 Τοῦτο
1034 1199 1086 1251 δή
1119 1212 1183 1243 ςοι
1214 1199 1367 1252 φράςω
1398 1203 1577 1252 πρῶτον
1609 1200 1732 1242 ὅπως

195 1263 266 1306 τε6
295 1263 394 1317 ἔχει.
454 1265 517 1308 Οὐ
555 1266 612 1317 μὰ
642 1266 730 1308 Δία
766 1266 962 1319 πέφυκεν
1001 1266 1111 1319 ὁρᾶν
1143 1267 1351 1319 ὀξύτερον
1383 1267 1528 1310 οὑτοςὶ
1559 1268 1584 1310 6
1616 1269 1731 1311 πάνυ

196 1333 374 1385 ἑραςτὴς
411 1333 517 1385 ἐμοῦ
547 1336 625 1376 τοῦ
656 1335 710 1386 μὴ
742 1326 956 1390 ἐρῶντος,
996 1335 1098 1378 ἀλλ’
1134 1335 1274 1386 ἔγωγε
1310 1338 1389 1378 τοῦ
1429 1339 1505 1379 ςοῦ
1544 1338 1730 1379 κάλλους

195 1400 415 1453 αἴςθομαι7
447 1401 630 1446 οὐδενὸς
666 1401 797 1459 ἧττον
834 1407 925 1446 τῶν
966 1402 1134 1446 ἄλλων·
1184 1405 1390 1456 δυναίμην
1428 1406 1472 1447 6’
1503 1405 1556 1447 ἂν
1595 1405 1729 1447 εἰπεῖν

196 1469 261 1512 ὅτι
291 1469 449 1512 τοῦτου
480 1472 548 1512 καὶ
578 1472 691 1513 πολὺ
720 1463 1036 1524 ’ἀκριβέςτεροψ
1096 1473 1235 1525 Ὅπερ
1273 1474 1320 1515 δὲ
1358 1473 1428 1515 ἐπὶ
1457 1475 1547 1515 τῶν
1578 1486 1730 1525 πυρετ-

194 1538 364 1581 τόντων
395 1539 463 1580 καὶ
492 1542 582 1582 τῶν
613 1538 661 1581 εῦ
691 1539 804 1591 μάλα
834 1540 882 1582 ἐν
912 1540 1147 1596 παλαίςτρᾳ
1172 1541 1510 1593 γυμναςαμένων
1541 1541 1727 1595 ὁρῶμεν,

195 1606 275 1648 οὐκ
304 1607 349 1650 ἐξ
379 1606 530 1658 ὁμοίας
568 1607 727 1650 αἰτίας8
756 1607 916 1650 ταύτὸν
957 1609 1214 1661 ςυμβαίνειν·
1257 1611 1438 1661 διψῶςιν
1480 1609 1616 1664 [μὲν]9
1646 1610 1729 1661 γὰρ

194 1674 220 1717 6
251 1674 444 1727 μὲνιὺπὸ
475 1676 630 1727 νόςου,
673 1675 698 1717 ὁ
736 1676 784 1718 δὲ
814 1675 900 1718 ὑπὸ
930 1679 1194 1729 γυμναςιῶν·
1231 1677 1402 1720 τοιάνδε
1433 1678 1527 1719 τινὰ
1558 1677 1729 1730 κάμοί10

194 1776 1138 1786 ........................
1152 1744 1200 1800 1¹¹
1255 1746 1397 1788 λειτον
1442 1759 1487 1787 τε
1532 1744 1617 1797 ἅμα
1662 1746 1730 1787 καὶ

194 1811 377 1854 ὄλιςθον.
428 1812 546 1853 Ἀλλ’
578 1812 658 1853 οὐκ
689 1812 831 1864 ἔμοιγε
861 1813 937 1854 ἐπ’
968 1814 1136 1868 ὀλέθρῳ
1167 1813 1328 1865 πρόςει,
1361 1813 1464 1855 οὐδὲ
1494 1814 1563 1855 ἐπὶ
1594 1813 1727 1869 βλάβῃ

193 1881 273 1922 τινὶ
310 1879 542 1932 ὁμιλήςεις,
588 1879 690 1922 ἀλλ’
727 1881 797 1923 ἐπὶ
835 1881 964 1923 παντὶ
1002 1881 1166 1937 ἀγαθῷ.
1229 1881 1303 1922 Καὶ
1340 1881 1616 1934 ὠφελοῦνται
1644 1882 1727 1934 γὰρ

193 1949 260 1990 καὶ
291 1949 569 1991 διαςώζονται
600 1949 640 1991 οἱ
670 1949 793 1991 καλοὶ
817 1949 903 1991 ὑπὸ
923 1954 1015 1992 τῶν
1046 1951 1100 2001 μὴ
1133 1949 1338 2001 ἐρώντων
1370 1951 1550 2001 μᾶλλον,
1583 1949 1727 2002 ὥςπερ

192 2017 244 2059 τὰ
274 2017 391 2070 φυτὰ
427 2017 513 2058 ὑπὸ
543 2019 634 2060 τῶν
665 2017 848 2060 ὑδάτων.
909 2017 972 2059 Οὐ
1008 2018 1091 2069 γὰρ
1129 2017 1282 2069 ἑρῶςιν
1321 2018 1421 2060 οὔτε
1459 2019 1589 2070 πηγαὶ
1627 2018 1727 2060 οὔτε

192 2085 380 2137 ποταμοὶ
409 2087 498 2127 τῶν
530 2088 698 2138 φυτῶν,
729 2085 840 2128 ἀλλὰ
870 2085 1099 2138 παριόντες
1130 2085 1248 2128 οὕτω
1278 2087 1329 2138 δὴ
1361 2086 1428 2127 καὶ
1458 2087 1726 2138 παραρρέον-

190 2167 276 2203 τες,
315 2153 460 2197 ἀνθεῖν
498 2154 607 2196 αὐτὰ
644 2154 711 2195 καὶ
748 2153 920 2197 θάλλειν
957 2153 1290 2206 παρεςκεύαςαν.
1353 2154 1554 2206 Χρήματα
1590 2155 1637 2196 δὲ
1675 2155 1728 2197 τὰ

307 2259 323 2289 1
349 2254 486 2300 Incipit
509 2255 598 2290 Cod
624 2255 795 2290 Ambros
822 2267 858 2301 p.
887 2259 962 2291 133.

305 2316 325 2346 2
350 2312 409 2346 Ita
422 2311 557 2349 Codex.
584 2311 770 2347 Omiserat
782 2311 912 2347 Maius.
939 2312 1026 2346 Mox
1038 2322 1107 2357 pro
1121 2312 1393 2386 ἑγῷμαιΜιῑὶιιε
1405 2312 1537 2348 scribit
1550 2314 1724 2356 ἡγοῦμαι.

306 2373 326 2402 3
352 2367 494 2409 Codex·
520 2380 574 2403 ςοι
598 2370 714 2404 δόξαι.

305 2428 326 2458 4
351 2423 493 2459 Codex:
517 2424 731 2459 ΠΑΝΤΟΣ.

305 2484 325 2515 5
350 2478 461 2514 Dolet
484 2479 686 2515 Bekkerus.
736 2480 944 2516 Iacobsius:
965 2482 1013 2517 ’τί
1037 2484 1181 2527 δήποτε
1207 2484 1273 2526 ὅγε
1299 2484 1348 2527 μὴ
1374 2483 1473 2526 ἐρῶν
1498 2483 1585 2525 ἐγὼ.

305 2540 326 2570 6
351 2535 411 2571 Sic
437 2536 571 2572 Codex.
620 2536 738 2572 Malo:
763 2539 869 2573 ὅπως
895 2539 988 2572 ποτ’
1011 2539 1096 2582 ἔχει.

305 2597 323 2628 7
350 2593 410 2628 Sic
435 2604 493 2638 ap.
520 2593 671 2628 Maium.
714 2593 901 2628 Iacobsius
927 2594 1083 2639 corrigit
1107 2595 1335 2638 αἰςθάνομαι.

303 2654 324 2685 8
348 2649 540 2684 Librarius
564 2649 785 2684 vocabulum
811 2650 867 2685 bis
892 2650 1052 2696 scripsit.

303 2711 324 2741 9
350 2705 459 2741 Delet
481 2705 685 2741 Bekkerus.

284 2767 324 2797 10
349 2762 492 2797 Codex:
520 2763 743 2799 ΚΑΚΑΜΟΙ.

284 2823 321 2854 11
348 2819 615 2854 Desiderantur
638 2819 800 2864 paginae
826 2820 958 2856 salfiem
985 2819 1091 2855 duae.
1139 2820 1273 2866 Incipit
1297 2819 1384 2857 Cod.
1412 2821 1584 2858 Ambros.
1610 2834 1645 2868 p.
1666 2827 1718 2858 70.

190 2875 376 2911 Iacobsius
400 2886 470 2921 pro
495 2878 622 2911 λειτον
647 2875 776 2911 scribit
801 2877 908 2911 λιτόν
932 2876 990 2911 vel
1015 2879 1129 2913 λεῖον.
