1968 3158
281 161 360 202 170
557 159 605 193 M.
625 157 850 193 CORNELII
874 156 1150 193 FRONTONIS
1174 157 1513 195 EPISTULARUM

517 327 608 370 IX.
671 325 933 382 (Antonino
963 327 1052 370 Pio
1074 308 1298 381 'Augusto
1329 327 1546 383 Fronto.)

275 464 282 471 .
319 464 327 471 .
363 463 371 471 .
408 429 697 471 ‚Amicorum
727 443 916 470 meorum
946 430 1050 472 fecit
1080 430 1300 483 modestia,
1332 430 1489 485 nequid
1518 430 1696 485 inprobe
1726 445 1796 485 pe-

272 499 407 539 terem
431 529 1327 539 .....................
1343 497 1371 553 l¹
1414 497 1583 552 Equitis
1613 497 1797 539 Romani

271 565 398 606 unius
430 564 749 606 contubernalis
778 565 859 606 mei
901 564 1034 607 Sextii
1066 564 1312 620 Calpurnii²
1350 565 1607 620 dignitatem
1643 566 1797 620 rogatu

270 647 364 674 meo
395 633 611 675 exornasti
641 633 804 674 duabus
834 633 920 674 iam
949 633 1320 688 procurationibus
1351 632 1474 674 datis.
1520 632 1584 674 Ea
1614 646 1694 687 ego
1723 633 1796 674 du-

272 715 392 741 arum
430 701 780 755 procurationum
816 701 1023 742 beneficia
1054 703 1204 755 quater
1241 715 1438 755 numer03
1483 701 1549 742 bis
1595 715 1691 742 cum
1727 701 1796 743 de-

271 767 369 809 disti
404 769 749 823 procurationes,
788 769 974 823 itemque
1013 768 1078 810 bis
1119 783 1214 810 cum
1251 769 1544 810 excusationes
1582 768 1794 823 recepisti.

384 835 629 891 Supplicavi
650 836 730 878 tibi
750 836 835 877 iam
856 851 932 891 per
948 836 1168 878 biennium
1184 850 1262 891 pro
1283 836 1510 891 Appiano3
1531 835 1666 877 amico
1685 850 1793 890 meo,

271 918 366 944 cum
396 918 478 958 quo
508 903 615 945 mihi
646 905 688 945 et
717 905 839 945 vetus
871 904 1131 946 consuetudo
1178 905 1221 945 et
1259 904 1496 945 studiorum
1533 918 1633 945 usus
1663 918 1794 958 prope

271 971 544 1026 quotidianus
574 971 818 1013 intercedit.
880 971 991 1021 Quin
1027 972 1169 1026 ipsum
1198 986 1363 1026 quoque
1395 973 1557 1013 certum
1586 971 1723 1013 habeo
1753 973 1796 1013 et

212 1053 215 1056 ·
272 1039 496 1080 adfirmare
525 1039 662 1080 ausim
694 1039 840 1081 eadem
869 1039 1077 1081 modestia
1107 1054 1296 1094 usurum,
1329 1054 1412 1094 qua
1442 1038 1698 1094 Calpurnius
1727 1038 1794 1080 Iu-

273 1107 414 1148 lianus
444 1121 563 1148 meus
594 1122 695 1149 usus
726 1109 810 1149 est:
861 1107 1086 1162 dignitatis
1123 1107 1238 1149 enim
1276 1122 1376 1149 suae
1405 1107 1452 1148 in
1482 1108 1701 1148 senectute
1731 1121 1795 1148 or-

262 1175 437 1216 nandae
469 1189 618 1229 causa,
658 1190 746 1217 non
778 1175 1010 1217 ambitione
1042 1177 1116 1216 aut
1146 1176 1433 1229 procuratoris
1465 1175 1694 1230 stipendii4
1725 1189 1794 1216 cu-

267 1243 448 1297 piditate
492 1244 614 1298 optat
658 1243 836 1298 adipisci
881 1243 996 1285 hunc
1042 1243 1260 1286 honorem.
1322 1243 1455 1286 Cum5
1499 1243 1682 1298 primum
1717 1257 1795 1298 pro

268 1310 469 1365 Appiano
500 1310 646 1365 petivi,
679 1310 741 1352 ita
768 1311 956 1366 benigne
978 1311 1187 1353 admisisti
1216 1326 1363 1366 preces
1383 1325 1513 1366 meas,
1546 1312 1595 1352 ut
1623 1324 1794 1365 sperare

267 1378 502 1420 deberema.

379 1445 578 1487 Proximo
624 1446 840 1500 superiore
886 1461 1001 1488 anno
1047 1447 1213 1501 petenti
1250 1446 1355 1488 mihi
1401 1446 1611 1501 propitius
1657 1446 1794 1488 multa

267 1513 550 1568 respondisti:
599 1514 705 1555 illud
745 1528 844 1555 vero
882 1513 1011 1555 etiam
1043 1514 1239 1568 comiter,
1278 1514 1472 1555 futurum
1502 1515 1550 1555 ut
1581 1528 1677 1555 cum
1706 1513 1793 1569 Ap-

266 1581 411 1636 piano,
443 1596 510 1623 me
540 1584 736 1637 rogante,
769 1581 1114 1636 procurationem
1135 1582 1334 1636 dedisses,
1368 1581 1675 1623 causidicorum
1705 1596 1793 1624 sca-

269 1649 392 1690 tebra
422 1651 667 1691 exoreretur
696 1649 809 1691 idem
838 1649 1118 1704 petentiumss.
1160 1649 1396 1691 Meministi
1427 1649 1557 1691 etiam
1587 1664 1712 1704 quem
1742 1650 1793 1691 de

268 1716 450 1759 Graecia
479 1717 690 1771 propitius
722 1718 765 1758 et
794 1717 937 1759 ridens
968 1717 1268 1759 nominaveris.

379 1784 460 1827 Sed
492 1785 628 1826 multa
658 1785 843 1826 distant:
887 1783 1054 1842 [ae]tas7
1086 1785 1263 1839 orbitas,
1298 1785 1366 1826 cui
1395 1785 1620 1826 leniendae
1651 1785 1792 1840 s[ola]-

267 1853 342 1894 ciis
363 1867 469 1907 opus
493 1854 571 1894 est.
611 1853 763 1895 Ausim
787 1852 970 1909 [⁷dicere
991 1852 1265 1895 honestatem
1285 1867 1449 1908 quoque
1471 1854 1515 1894 et
1533 1852 1792 1907 probitatem

378 2033 401 2056 a
424 2024 470 2056 In
492 2025 663 2066 margine:
688 2022 746 2056 Ita
769 2020 931 2067 benigne
956 2042 999 2047 —-
1024 2022 1209 2057 deberem.

378 2183 393 2214 1
421 2179 555 2224 Incipit
579 2178 667 2214 Cod.
693 2191 728 2224 p.
756 2183 832 2214 329.
1654 2214 1658 2216 ,

376 2240 396 2270 2
420 2235 479 2270 Ad
509 2235 749 2280 Calpurnium
786 2236 840 2270 est
875 2235 932 2270 Pii
962 2235 1183 2281 rescriptum
1215 2235 1289 2281 dig.
1321 2235 1395 2270 XL.
1431 2239 1458 2270 1.
1491 2239 1521 2270 8.
1573 2235 1789 2281 Calpurnius

265 2292 418 2337 quidam
443 2292 653 2338 appellatur
678 2291 716 2326 in
741 2302 798 2337 ep.
820 2295 836 2326 l
863 2291 948 2326 libri
972 2292 1005 2326 II
1030 2292 1078 2327 ad
1101 2292 1255 2327 Verum:
1281 2291 1372 2327 item
1395 2292 1434 2326 in
1457 2292 1655 2328 Faustinae
1681 2293 1785 2338 epist.

263 2348 326 2384 vit.
355 2348 454 2384 Cass.
482 2359 562 2393 cap.
590 2352 647 2383 10:
675 2347 833 2392 denique
857 2348 895 2382 in
920 2349 996 2383 vita
1018 2348 1136 2383 Marci
1160 2360 1238 2394 cap.
1265 2352 1298 2383 8.
1347 2350 1472 2384 Maius.

376 2410 397 2440 3
421 2404 612 2450 Appianus
635 2403 675 2438 in
698 2405 834 2449 praefi:
859 2405 916 2440 τίς
933 2406 973 2440 δὲ
991 2406 1046 2440 ὢν
1063 2409 1184 2440 ταῦτα
1201 2406 1427 2449 ευνέγραψα,
1453 2407 1588 2441 πολλοὶ
1606 2407 1672 2449 μὲν
1696 2406 1788 2442 ’itaci

263 2464 323 2497 καὶ
354 2462 470 2496 αὐτὸς
502 2461 718 2505 προέφηνα·
752 2462 981 2506 εαφέετερον
1012 2462 1051 2496 δ’
1077 2462 1198 2497 εἰπεῖν
1230 2462 1436 2497 Ἀππιανὸε
1462 2463 1725 2506 Ἀλεξανδρεὺς
1749 2463 1788 2498 ἑ(

262 2519 309 2554 τὰ
341 2520 476 2562 πρῶτα
507 2519 613 2561 ἥκων
645 2518 686 2552 ἐν
716 2521 763 2562 τῇ
802 2517 950 2562 πατρίδι
980 2519 1040 2553 καὶ
1070 2518 1184 2553 δίκαιε
1210 2518 1251 2553 ἑν
1276 2519 1401 2563 Ῥώμῃ
1428 2520 1697 2563 ευναγορεύεαε
1726 2520 1787 2555 ἐπὶ

262 2577 343 2609 τῶν
369 2574 567 2618 βαειλὲων,
594 2574 698 2618 μέχρι
722 2585 765 2617 με
791 2577 899 2618 (φῶν
923 2575 1184 2618 ἐπιτροπεύειν
1210 2574 1381 2618 ἠξίωεαν.
1450 2584 1452 2587 ’

374 2634 396 2664 4
421 2629 560 2664 Codex:
585 2633 778 2674 stipendiis.
829 2629 1001 2666 Orellius:
1026 2634 1260 2675 procuratorii
1281 2634 1452 2676 stipendii.

374 2690 395 2722 5
420 2686 507 2722 Cod.
533 2698 589 2732 pr.
615 2698 664 2721 m.
695 2689 807 2729 Quam.

375 2746 396 2777 6
421 2742 535 2777 Suum
560 2742 736 2778 causidici
760 2742 920 2779 officium
945 2743 982 2778 et
1005 2743 1258 2789 procuratoris
1282 2743 1488 2789 augustalis
1511 2744 1694 2780 memorat
1711 2744 1784 2789 Ap-

261 2797 393 2843 pianus
416 2798 501 2834 hist.
527 2799 717 2844 prohoem.
744 2799 804 2834 fin.
854 2802 980 2837 Maius.

376 2859 394 2890 7
419 2854 553 2901 Incipit
577 2855 665 2891 Cod.
695 2867 731 2901 p.
758 2859 835 2891 340.
