1968 3158
269 168 323 213 82
549 164 597 203 M.
617 163 842 203 CORNELII
865 161 1140 203 FRONTONIS
1165 161 1505 205 EPISTULARUM

867 239 890 260 Ο

267 281 355 338 dor,
401 284 607 338 quantam
636 281 907 323 vexationem
935 281 1016 323 tibi
1045 282 1126 324 iste
1157 281 1276 324 dolor
1305 282 1470 325 adferre
1501 284 1648 340 soleat,
1694 298 1790 341 gra-

265 352 481 393 vissimam
525 349 856 391 sollicitudinem
903 349 1058 404 patior.
1122 348 1206 392 Sed
1251 365 1319 392 me
1355 350 1482 406 levat,
1521 353 1632 407 quod
1668 367 1790 408 spero

264 419 337 459 illo
368 419 519 473 spatio,
567 431 649 472 quo
686 418 982 472 perferebatur
1019 417 1127 459 huc¹
1173 418 1365 473 nuntius,
1411 419 1598 474 potuisse
1644 420 1789 462 cedere

262 486 464 527 fomentis
495 487 537 527 et
567 485 763 527 remediis
794 500 964 527 omnem
992 485 1112 527 illam
1143 486 1228 528 vim
1259 486 1427 528 doloris.
1487 486 1577 528 Nos
1608 488 1789 529 aestivos

264 554 423 595 calores
462 552 601 595 adhuc
640 554 902 609 experimur:
942 554 1015 595 sed
1046 569 1142 596 cum
1171 554 1371 612 parvolae
1401 556 1594 610 nostrae,
1634 555 1788 597 dixisse

260 621 401 675 liceat⁷
436 621 652 663 commode
682 621 868 677 valeant,
907 636 1024 664 mera
1063 622 1314 664 salubritate
1345 624 1387 664 et
1418 637 1548 664 verna
1583 624 1788 678 temperie

258 689 343 730 frui
374 703 452 731 nos
483 689 787 732 existimamus.
847 689 956 732 Vale
985 690 1044 731 mi
1074 690 1233 745 optime
1263 690 1482 746 magister.

721 803 832 846 XX.
864 802 942 846 35.
988 803 1190 846 Domino
1220 803 1335 847 Meo.

370 891 491 936 Patri
520 897 594 937 tuo
623 894 694 936 fac
724 896 876 936 notum
905 894 955 936 de
985 894 1236 936 infirmitate
1265 909 1372 936 mea.
1420 894 1492 936 An
1521 910 1588 937 me
1619 910 1784 951 quoque

257 963 440 1004 scribere
471 963 510 1004 ei
540 963 692 1004 debere
722 964 860 1017 puteS‚
894 962 1031 1004 scribe
1061 961 1180 1004 mihi.

709 1075 848 1118 xxi.
881 1075 955 1117 36.
1002 1051 1327 1129 Rescriptum.

367 1167 537 1222 Statim,
570 1166 628 1208 mi
659 1166 880 1221 magister,
912 1165 1113 1207 indicabo
1144 1165 1327 1207 Domino
1357 1181 1451 1207 meo
1481 1167 1783 1209 necessitatem

253 1234 378 1276 huius
415 1235 570 1290 quietis
614 1237 735 1275 tuae:
781 1234 908 1276 velim
951 1236 1097 1275 tamen
1136 1236 1179 1276 et
1221 1249 1246 1275 a
1282 1235 1325 1275 te
1363 1234 1504 1276 scribi.
1565 1234 1674 1276 Vale
1723 1236 1782 1276 mi

250 1303 410 1358 optime
441 1305 485 1344 et
513 1302 815 1345 iucundissime
844 1302 1062 1357 magister.

680 1415 849 1459 XXII.
882 1415 956 1458 37.
1001 1415 1204 1458 Domino
1234 1415 1349 1458 Meo.

365 1506 460 1562 Ego
490 1506 761 1562 prodormii2.
807 1506 1035 1548 Materiam
1064 1506 1161 1547 misi
1191 1506 1291 1547 tibi:
1322 1521 1389 1548 res
1421 1506 1531 1547 seria
1553 1508 1630 1548 est.
1672 1506 1780 1549 Con-

251 1576 317 1616 sul
346 1575 493 1630 populi
522 1575 702 1630 romani,
735 1574 876 1630 posita
905 1576 1150 1629 praetexta7'
1175 1574 1389 1630 manicam
1418 1574 1572 1629 induit,
1614 1575 1781 1617 leonem

249 1644 364 1684 inter
408 1644 583 1685 iuvenes
629 1642 957 1698 quinquatribus
1009 1642 1221 1697 percussit
1264 1641 1421 1697 populo
1466 1656 1642 1684 romano
1689 1658 1780 1698 spe-

252 1714 410 1753 ctante.
469 1712 590 1766 Aput
635 1725 829 1752 censores
875 1710 1158 1765 expostulat3.
1184 1710 1215 1766 1⁴
1235 1711 1551 1762 Διαεκεύαεον,
1586 1711 1778 1764 αὔξηεον.

250 1779 357 1821 Vale
387 1779 570 1820 Domine
600 1779 880 1820 dulcissime5.
940 1778 1170 1819 Dominam
1200 1777 1351 1819 saluta.

676 1891 873 1934 XXIII.
906 1891 981 1933 38.
1026 1891 1351 1945 Rescriptum.

363 1982 541 2031 Quando
580 1983 623 2024 id
651 1982 845 2023 factum?
884 1984 927 2023 et
965 1997 1021 2023 an
1051 1981 1244 2023 Romae?
1301 1981 1418 2023 Num
1453 1982 1558 2023 illud
1596 1982 1701 2024 dicis
1731 1983 1778 2024 in

250 2051 420 2091 Albano
449 2051 614 2091 factum
651 2050 729 2091 sub
767 2049 1071 2091 Domitianoss‘?
1128 2049 1356 2090 Praeterea
1392 2050 1438 2089 in
1476 2049 1557 2090 hac
1597 2048 1777 2091 materia

249 2118 406 2160 diutius
428 2118 709 2159 laborandum
730 2119 808 2172 est,
826 2120 875 2159 ut
894 2118 1058 2158 factum
1080 2117 1289 2170 credatur,
1309 2131 1437 2171 quam
1458 2119 1506 2158 ut
1525 2117 1773 2159 irascatur?

248 2187 473 2229 Ἀπίθανοε
506 2186 702 2228 ὑπόθεειε
739 2185 904 2230 videtur
940 2184 1059 2239 mihi7
1099 2184 1210 2239 quod
1247 2183 1375 2238 plane.
1406 2184 1634 2238 balueeisss,
1674 2200 1775 2240 qua-

247 2254 331 2295 lem
361 2254 580 2308 petieram.
641 2252 845 2295 Rescribe
876 2253 1023 2295 statim
1054 2252 1104 2293 de
1134 2254 1336 2306 tempore.

365 2372 382 2401 1
409 2365 549 2401 Codex:
575 2369 648 2402 hoe.
696 2366 814 2401 Maius
839 2365 967 2401 scribit
989 2369 1052 2401 hic.

362 2427 382 2458 2
406 2422 501 2457 Vide
527 2422 575 2457 ad
598 2422 767 2458 indicem.

362 2484 382 2515 3
407 2478 638 2524 Schopenus:
665 2484 913 2524 expostulatur.

360 2541 382 2570 4
407 2535 541 2581 Incipit
565 2535 652 2571 Cod.
678 2536 763 2571 Vat.
789 2548 825 2581 p.
847 2540 920 2571 101.

362 2597 382 2627 5
405 2592 608 2637 Perperam
632 2592 765 2627 Maius:
790 2596 1033 2628 iucundissime.

364 2652 383 2682 6
410 2649 453 2683 cf.
482 2647 580 2684 Suet.
606 2648 645 2683 in
668 2649 731 2684 vit.
759 2660 788 2684 c.
806 2653 838 2684 4.

361 2709 379 2739 7
406 2704 633 2749 Schopenus:
660 2712 834 2749 (caueatur.

359 2763 379 2794 8
404 2761 461 2795 Ita
485 2761 674 2796 evidenter
699 2761 833 2797 Codex,
876 2761 947 2797 Sed
973 2761 1062 2807 quid
1084 2761 1155 2796 hoo
1178 2761 1333 2796 monstri
1357 2761 1434 2795 est?
1473 2759 1572 2795 Iusto
1598 2760 1771 2796 audacius

247 2816 475 2861 Schopenus:
501 2818 682 2853 ἀπίθανος
707 2819 881 2853 ὑπόθεειε
907 2823 1038 2854 videtur
1062 2821 1147 2857 milei,
1178 2828 1251 2852 non
1282 2817 1345 2852 ubi
1370 2817 1530 2851 clamare
1554 2816 1665 2852 liceat
1689 2831 1770 2863 qua-

245 2877 308 2908 lem
330 2877 505 2917 petieram.
553 2874 673 2917 Latet,
698 2874 740 2908 ut
765 2874 920 2918 videtur,
944 2874 1166 2910 vocabulum
1191 2874 1383 2909 Graecum.
