1968 3158
716 171 948 208 EPISTULA
956 170 983 207 Ε
1010 170 1246 208 GRAECAE.
1663 172 1746 216 257

210 289 390 333 πίςτεως
429 290 499 331 διὰ
535 290 637 331 τοὺς
667 289 907 341 ἐρῶνταςῑ,
946 290 1004 332 δι’
1033 289 1141 340 ἡμᾶς
1180 289 1228 331 δὲ
1258 288 1361 331 τοὺς
1391 287 1550 330 ἄλλους
1583 291 1748 342 βεβαιο-

209 358 340 412 τέραν
368 359 447 410 τὴν
478 358 608 400 δόξαν
640 358 846 410 κέκτηςθε.
907 357 949 399 Εἰ
977 359 1087 407 γοῦν
1116 370 1178 399 τις
1207 359 1297 399 τῶν
1329 356 1505 409 μηδέπω
1537 370 1581 399 ςε
1613 357 1748 409 ἑωρα-

210 428 353 471 κότων
385 426 674 479 πυνθάνοιτο,
715 425 871 468 ὁποῖός
907 439 969 468 τις
1009 425 1047 468 εἴ
1059 424 1149 479 [2ης
1178 427 1256 477 τὴν
1298 425 1423 478 ὄψιν,
1462 425 1557 477 ἐμοὶ
1586 426 1663 477 μὲν
1693 425 1746 468 ἂν

148 495 155 504 ’
210 495 426 538 πιςτεύςαι
466 494 737 544 ἐπαινοῦντι,
775 494 923 546 μαθὼν
963 493 1028 536 ὅτι
1066 493 1145 536 οὐκ
1185 494 1292 546 ἐρῶ’
1341 497 1403 548 τῷ
1441 494 1484 536 δ’
1515 493 1748 545 ἀπιςτήςαι,

213 563 274 606 ὡς
311 563 390 606 οὐκ
428 562 597 614 ἀληθῶς
637 562 739 604 ἀλλ’
778 561 996 614 ἐρωτικῶς
1033 562 1295 606 ἐπαινοῦντι.
1354 561 1499 604 Ὅςοις
1545 563 1622 614 μὲν
1669 560 1749 604 οὖν

212 631 330 685 λώβη
360 644 422 674 τις
453 631 648 682 ςώματος
677 630 746 672 καὶ
782 628 931 682 αῑςχος
968 630 1035 672 καὶ
1071 629 1264 683 ἀμορφία
1295 629 1532 682 πρόςεςτιν,
1563 629 1751 673 εὔξαιντ’

213 700 267 743 ἂν
288 699 463 742 εἰκότως
492 698 671 751 ἐραςτὰς
701 697 847 741 αὑτοῖς
876 698 1091 748 γενέςθαι·
1125 698 1178 741 οὐ
1199 699 1282 750 γὰρ
1314 698 1366 741 ἂν
1397 698 1476 740 ὑπ’
1506 697 1653 741 ἄλλων
1684 702 1750 740 θε-

214 767 474 820 ραπεύοιντο
514 766 539 818 ἢ
579 768 669 809 τῶν
708 767 804 809 κατ’
842 766 1050 819 ἐρωτικὴν
1089 766 1246 810 λύτταν
1285 766 1351 809 καὶ
1390 765 1580 818 ἀνάγκην
1619 779 1750 818 προς-

214 836 385 879 ιόντων.
446 834 501 878 (Σὺ
539 835 587 877 δὲ
626 834 673 878 ἐν
711 838 772 890 τῷ
809 837 965 890 τοιῷδε
1004 835 1149 878 κάλλει
1189 835 1268 878 οὐκ
1306 835 1396 878 ἔςθ’
1435 834 1500 877 ὅτι
1539 835 1752 888 καρπώςει

213 904 350 947 πλέον
395 903 476 946 ὑπ’
522 902 724 955 ἐρωτοςθ.
793 902 932 946 Οὐδὲν
973 903 1056 955 γὰρ
1100 903 1230 954 ἦττον
1268 902 1441 946 δέονταί
1478 917 1554 946 ςου
1594 903 1635 945 οἱ
1672 903 1750 954 μὴ1

215 972 414 1024 ἐρῶντες.
474 971 688 1024 Ἀχρήίὀι5
726 971 774 1013 δὲ
812 971 854 1013 οἱ
891 971 1063 1024 ἐραςταὶ
1100 973 1192 1013 τοῖς
1239 971 1381 1014 ὄντως
1427 973 1573 1014 καλοῖς
1620 970 1750 1013 οὐδὲν

215 1039 347 1091 ἧττον
378 1040 404 1092 ἢ
435 1041 525 1082 τοῖς
556 1038 728 1082 δικαίως
758 1039 1089 1092 ἐπαινουμένοις
1120 1039 1161 1081 οἱ
1190 1040 1379 1082 κόλακες.
1430 1040 1576 1092 Ἀρετὴ
1608 1040 1655 1081 δὲ
1684 1039 1753 1092 καὶ

215 1109 321 1152 δόξα
357 1108 424 1150 καὶ
461 1108 555 1160 τιμὴ
593 1108 661 1149 καὶ
698 1107 893 1160 κέρδοςῦ.
957 1107 1119 1160 Κόςμος
1155 1107 1340 1163 θαλάττῃ
1379 1109 1455 1158 μὲν
1493 1109 1646 1150 ναῦται
1683 1107 1751 1148 καὶ

216 1179 470 1230 κυβερνῆται
499 1176 566 1218 καὶ
595 1175 942 1228 τριήραρχοι-καὶ
970 1175 1152 1228 ἔμποροι
1183 1176 1250 1217 καὶ
1280 1176 1321 1218 οἱ
1352 1175 1496 1217 ἄλλως
1527 1175 1750 1227 πλέοντες,

218 1248 270 1287 οὐ
301 1245 358 1296 μὰ
387 1244 475 1286 Δία
505 1245 729 1296 δελφῖνες,
760 1236 825 1286 οἷς
856 1243 1073 1287 ἀδύνατον
1104 1244 1154 1286 τὸ
1186 1246 1262 1295 ζῆν
1294 1243 1359 1286 ὅτι
1388 1245 1442 1296 μὴ
1474 1243 1522 1286 ἐν
1553 1242 1753 1298 θαλάττῃ,

216 1311 386 1355 καλοῖς7
432 1313 479 1354 δὲ
522 1312 640 1364 ἡμεῖς
685 1311 724 1354 οἱ
760 1312 986 1364 τηνάλλως
1030 1312 1312 1354 ἐπαινοῦντες
1348 1312 1416 1354 καὶ
1453 1311 1754 1363 ἀςπαζόμενοι,

218 1381 314 1433 οὐχὶ
343 1380 532 1433 ἐραςταί,
571 1379 638 1423 οἷς
674 1379 862 1433 ἀβίωτον
901 1381 954 1423 ἂν
993 1380 1056 1432 εἴη
1097 1380 1370 1432 ςτερομένοις
1407 1383 1496 1422 τῶν
1528 1381 1751 1422 παιδικῶν.

218 1448 367 1502 Εὕροις
395 1450 440 1491 δ’
469 1448 522 1491 ἂν
554 1452 739 1491 ςκοπῶνῗ
760 1448 955 1501 πλείςτης
983 1447 1154 1491 ἀδοξίας
1185 1447 1344 1490 αἰτίους
1376 1449 1451 1499 μὲν
1483 1447 1615 1490 ὄντας
1651 1448 1754 1489 τοὺς

218 1517 418 1570 ἐραςτάς·
471 1516 646 1560 ἀδοξίαν
684 1517 732 1558 δὲ
769 1517 948 1570 φεύγειν
987 1515 1181 1558 ἅπαντας
1221 1516 1297 1568 μὲν
1337 1517 1417 1568 χρὴ
1455 1516 1558 1558 τοὺς
1595 1515 1754 1569 εὐφρο-

218 1587 419 1634 νοῦντας,
449 1584 625 1636 μάλιςτα
654 1585 702 1627 δὲ
731 1585 835 1627 τοὺς
864 1585 1006 1638 νέους,
1040 1583 1106 1626 οἷς
1127 1583 1197 1626 ἐπὶ
1226 1584 1492 1636 μακρότερον
1525 1583 1755 1634 ἐγκείςεται

219 1654 270 1696 τὸ
301 1653 432 1695 κακὸν
464 1652 511 1695 ἐν
542 1652 652 1708 ἀρχῇ
684 1655 846 1705 μακροῦ
879 1652 973 1705 βίου
1003 1643 1271 1704 προςπεςόνζ

334 1711 496 1772 Ὥςπερ
536 1719 616 1763 οὖν
655 1720 785 1773 ἱερῶν
823 1721 891 1762 καὶ
927 1720 1091 1771 θυείας,
1138 1719 1254 1762 οὕτω
1301 1713 1368 1762 καὶ
1403 1723 1484 1762 τοῦ
1523 1721 1615 1774 βίου
1652 1720 1755 1762 τοῦς

221 1789 490 1842 ἀρχομένους
521 1788 719 1839 εὐλογίας
751 1788 968 1843 ξῦμάλιςτα
988 1803 1046 1842 πρ
1068 1821 1199 1830 .....
1230 1790 1320 1831 τοῖς
1345 1790 1433 1831 τῶν
1457 1822 1464 1830 .
1487 1822 1494 1829 .
1518 1821 1525 1829 .
1548 1788 1605 1830 εἰς
1636 1788 1755 1841 ἐςχά-

220 1872 297 1910 την
329 1856 503 1900 ἀδοξίαν
535 1871 562 1898 α
593 1890 600 1898 .
638 1889 645 1897 .
682 1887 690 1897 .
723 1856 905 1899 τούτους
935 1857 983 1899 δὲ
1013 1857 1220 1909 χρηςτοὺς
1251 1856 1428 1909 ἐραςτὰς
1457 1856 1556 1900 ἐξὸν
1588 1856 1622 1898 εἰ
1655 1889 1663 1896 .
1699 1889 1708 1897 .
1745 1889 1753 1896 .

222 1926 351 1969 πέντε
391 1926 498 1967 καὶ·.
535 1958 543 1966 .
580 1957 588 1965 .
625 1958 632 1965 .
666 1939 694 1967 α
722 1938 813 1967 νεικ
844 1957 853 1966 ,
889 1956 899 1966 .
934 1957 942 1965 .
974 1938 1055 1967 νον
1093 1927 1234 1976 χρῆμα
1271 1925 1466 1977 ἐραςταῑς
1498 1957 1506 1965 .
1542 1957 1550 1965 .
1585 1957 1594 1965 .
1635 1938 1713 1966 του
1746 1957 1753 1965 .

226 2027 234 2035 .
271 2027 278 2034 .
313 2027 321 2035 .
353 1995 401 2036 δὲ
437 1994 503 2035 καὶ
533 1994 615 2045 γὰρ
654 1993 695 2035 οἱ
725 1993 910 2045 ἐρῶντες
942 1993 1011 2035 διὰ
1039 1997 1128 2035 τῶν
1159 1995 1342 2036 τοιῶνδε
1374 1992 1640 2046 φορημάτων
1678 1992 1757 2033 οὐκ

223 2061 414 2104 ἐκείνους
443 2063 629 2115 τιμῶςιν,
661 2060 762 2103 ἀλλ>
793 2060 915 2103 αὐτοὶ
937 2059 1327 2114 ἀλαζθζονεύονταί
1347 2074 1392 2102 τε
1413 2060 1479 2102 καὶ
1500 2060 1757 2103 ἐπιδείκνυν-

340 2167 357 2196 1
383 2162 542 2197 Videtur
566 2161 694 2197 deesse
726 2163 993 2206 διαμαρτάνειν
1020 2162 1079 2197 vel
1103 2163 1256 2205 ἀτυχεῖν
1281 2161 1339 2196 vel
1364 2160 1574 2195 huiusmodi
1599 2161 1757 2196 vocabu·
1817 2150 1821 2153 ¹

224 2220 312 2264 lum,
339 2218 397 2254 oui
420 2230 507 2254 mox
530 2218 761 2254 reddendum
786 2221 996 2263 κεκτῆςθαι.
1046 2222 1279 2263 ΙΙείηᾱοηῖιιε.

339 2280 359 2311 2
385 2275 520 2321 Incipit
545 2274 634 2311 Cod.
661 2275 831 2310 Ambros.
857 2287 893 2320 p.
921 2279 976 2310 84.
1025 2274 1166 2310 Codex:
1195 2275 1263 2319 εἴη.

342 2337 362 2368 3
385 2325 609 2366 Niebuhrius
634 2331 783 2367 coniicit
808 2333 983 2376 ἐρῶντος.

341 2393 362 2423 4
387 2387 527 2423 Codex:
555 2392 761 2433 μηρῶντες.

341 2450 361 2480 5
386 2445 444 2479 Ita
469 2443 604 2479 Codex.
1002 2480 1013 2490 x

341 2505 362 2535 6
388 2500 527 2535 Codex:
554 2501 714 2544 (κέρδος.
751 2500 852 2536 Haec
876 2502 993 2536 verba
1016 2512 1091 2536 non
1114 2501 1294 2546 intelligo.
1345 2500 1662 2546 Simplicissimum
1688 2502 1758 2535 erit

230 2570 313 2594 cum
338 2558 568 2592 Buttmanno
593 2556 755 2591 inserere
781 2557 857 2592 καί·
884 2559 944 2592 καὶ
970 2556 1096 2601 κέρδος
1122 2559 1194 2592 καὶ
1220 2558 1355 2599 κόςμος
1381 2557 1548 2600 θαλάττῃ
1576 2558 1649 2592 κτὲ.

345 2618 364 2649 7
390 2613 530 2649 Codex:
573 2614 752 2656 κάλλους,
785 2613 886 2658 quod
909 2613 1025 2648 miror
1050 2613 1211 2648 nondum
1237 2612 1350 2647 fuisse
1376 2613 1623 2647 emendatum.
1673 2614 1757 2647 Mox

165 2687 172 2693 ·
231 2671 435 2706 Iacobsius:
461 2671 532 2713 οὐχ
555 2670 591 2705 οἱ
615 2670 773 2714 ἐραςταί.

344 2732 364 2762 8
391 2726 564 2771 Sequitur
595 2726 683 2762 Cod.
716 2726 888 2761 Ambros.
915 2738 950 2771 p.
978 2731 1038 2769 83,
1072 2725 1173 2760 euius
1205 2727 1390 2770 scriptura
1420 2726 1578 2761 evanida
1609 2727 1759 2771 praeter

232 2785 382 2820 ultimos
408 2795 534 2819 versus
559 2783 626 2818 col.
653 2782 815 2818 alterius.
866 2781 1023 2828 Supplet
1046 2781 1299 2818 Heindorfius:
1341 2782 1496 2825 μάλιςτα
1527 2783 1660 2826 πρέπει
1684 2784 1759 2817 ἐπι-

233 2844 427 2886 μελεῑςθαι.

346 2902 366 2932 9
391 2896 526 2942 Incipit
550 2895 638 2934 Cod.
664 2896 833 2931 Ambros.
860 2908 895 2941 p.
923 2899 976 2932 74.

305 2977 437 3002 FRONT.
467 2977 512 2999 ΕΤ
537 2976 675 3002 AUREL,
702 2977 822 3001 EPlS'r.
1437 2952 1486 2994 17

288 3100 305 3109 n
