1968 3158
235 170 290 211 ,52
518 166 566 202 M.
586 164 811 203 CORNELII
835 160 1110 200 FRONTONIS
1135 161 1476 201 EPISTULARUM

715 323 847 367 ΧΠ.
892 323 1131 378 Magistro
1154 323 1270 368 Meo.

347 415 544 471 Epistula
566 415 782 458 Ciceronis
802 416 979 457 mirifice
1011 415 1169 458 adfecit
1199 416 1389 457 animum
1408 431 1560 459 meum.
1583 417 1761 460 Miserat

237 486 393 527 Brutus
426 484 621 526 Ciceroni
651 483 808 525 librum
839 499 961 525 suum
992 484 1309 540 corrigendum¹
1344 519 1520 528 ......
1533 486 1549 511 ²

726 596 829 641 XV.
877 597 1098 654 (Domino
1128 597 1266 654 Meo).

416 723 458 732 ..
490 688 750 743 molliantur,
784 691 910 744 atque
947 689 1010 730 ita
1049 689 1265 731 efficacius
1296 689 1388 731 sine
1426 689 1513 732 ulla
1552 690 1629 732 ad3
1669 691 1759 732 ani-

233 773 322 800 mos
361 757 593 799 offensione
641 757 905 799 audientium
953 759 1196 812 penetrent.
1257 757 1377 799 Haec
1422 760 1523 800 sunt
1566 759 1759 813 profes-to

233 841 340 882 quae
368 828 416 867 tu
446 828 571 881 putas
602 825 773 880 obliqua
804 827 846 866 et
875 824 1117 867 insincera⁴
1156 827 1199 867 et
1229 826 1384 867 anxia5
1420 828 1463 867 et
1499 841 1624 868 verae
1657 827 1758 868 ami-

234 896 360 936 citiae
390 893 594 935 minime6
625 893 959 935 adcommodata.
992 893 1054 934 At
1070 907 1149 948 ego
1171 893 1263 935 sine
1283 893 1377 935 istis
1409 895 1571 936 artibus
1589 909 1761 936 omnem

232 963 470 1004 orationem
502 962 724 1003 absurdam
759 965 801 1002 et
832 962 1047 1016 agrestem
1077 963 1120 1002 et
1148 961 1464 1016 incognitam7,
1491 962 1673 1017 denique
1693 962 1757 1003 in-

232 1034 366 1073 ertem
397 1032 524 1085 atque
554 1029 751 1071 inutilem
781 1031 897 1083 puto.
949 1027 1098 1084 Neque
1135 1029 1274 1084 mag-is
1305 1029 1544 1070 oratoribus
1575 1030 1759 1072 arbitror

231 1099 472 1142 necessaria
503 1098 707 1139 eiusmodi
738 1096 919 1137 artificia
950 1111 1078 1151 quam
1107 1095 1412 1151 philosophiss.
1445 1097 1497 1139 In
1519 1113 1568 1140 ea
1595 1112 1640 1139 re
1670 1112 1759 1139 non

232 1169 449 1208 oratorum
498 1165 768 1219 domesticis,
827 1164 938 1219 quod
987 1163 1169 1218 dicitur,
1223 1164 1482 1207 testimoniis
1535 1167 1646 1220 utar,
1695 1167 1760 1207 set

232 1234 583 1289 philosophorum
622 1232 993 1286 eminentissimis,
1032 1234 1256 1287 poetarum
1286 1233 1585 1274 vetustissimis
1624 1233 1758 1275 excel-

231 1302 576 1357 lentissimisque,
608 1300 721 1342 vitae
753 1300 935 1355 denique
967 1300 1206 1342 cotidianae
1227 1315 1322 1353 ⁵usu
1358 1303 1485 1356 atque
1517 1300 1653 1355 cultu,
1694 1316 1757 1342 ar-

231 1371 421 1425 tiumque
459 1369 649 1410 omnium
680 1368 997 1423 experimentis.
1058 1367 1271 1417 Quidnam
1307 1369 1443 1424 igitur
1471 1369 1551 1411 tibi
1591 1369 1758 1411 videtur

230 1439 430 1492 princeps
466 1437 537 1478 ille
576 1436 811 1492 sapientiae
848 1436 974 1478 simul
1019 1438 1146 1491 atque
1195 1437 1462 1492 eloquentiae
1504 1436 1758 1479 Socratesss‘?
1822 1486 1825 1489 .

230 1506 329 1547 huic
360 1505 474 1546 enim
504 1504 641 1560 primo
680 1518 730 1546 ac
759 1504 981 1559 potissimo
991 1505 1006 1531 9
1043 1504 1338 1546 testimonium
1376 1507 1479 1560 aput
1514 1507 1558 1546 te
1598 1505 1758 1547 denun-

232 1574 359 1628 ciavi3
400 1587 504 1615 eone
543 1587 644 1614 usus
674 1587 832 1629 genere
863 1572 1045 1626 dicendi,
1091 1572 1139 1613 in
1183 1587 1263 1627 quo
1307 1572 1418 1614 nihil
1455 1575 1520 1614 est
1557 1573 1756 1628 oblicum,

230 1641 340 1682 nihil
369 1641 586 1683 interdum
617 1640 961 1682 dissimulatum?
1001 1639 1161 1689 Quibus
1191 1640 1263 1682 ille
1300 1641 1435 1682 modis
1476 1640 1759 1696 Protagoram

232 1711 274 1751 et
303 1709 454 1751 Polum
485 1710 527 1750 et
557 1708 924 1764 Thrasymachum
962 1710 1004 1750 et
1034 1708 1248 1764 sophistas
1288 1710 1450 1750 ceteros
1488 1723 1657 1751 versare
1696 1711 1757 1751 at-

231 1792 310 1832 que
339 1777 515 1818 inretire
554 1777 736 1818 solitus?
780 1777 950 1832 quando
990 1778 1134 1818 autem
1181 1779 1330 1832 aperta
1375 1778 1466 1818 arte
1505 1791 1757 1833 congressus

231 1845 326 1886 est‘?
362 1845 531 1900 quando
561 1859 649 1887 non
689 1860 740 1886 ex
778 1844 945 1886 insidiis
984 1844 1190 1886 adortus?
1234 1859 1315 1900 quo
1355 1859 1405 1886 ex
1443 1841 1616 1887 homine
1654 1848 1758 1888 nata

230 1913 399 1955 inversa
428 1913 564 1954 oratio
594 1913 775 1967 videtur,
814 1927 941 1968 quam
973 1913 1124 1955 Graeci
1150 1912 1203 1968 1¹⁰
1234 1913 1455 1965 εἰρωνείαν
1495 1913 1756 1968 appellantb.

345 2060 367 2084 a
393 2051 435 2083 In
460 2052 629 2094 mar-gline:
654 2048 709 2083 De
735 2047 897 2083 Socrate.

342 2105 367 2139 b
396 2107 437 2139 In
461 2109 630 2150 maraine:
653 2105 830 2150 Princeps
852 2105 916 2139 ille
940 2103 1144 2150 sapientiae
1170 2104 1351 2149 simulque
1378 2104 1612 2149 eloquentiae
1630 2104 1757 2141 Socra-

230 2162 286 2195 tes
311 2173 458 2196 versare
483 2166 520 2197 et
543 2161 695 2197 inretire
719 2162 847 2197 solitus
864 2162 954 2196 erat.
993 2160 1147 2203 Quando
1173 2162 1298 2196 autem
1323 2162 1455 2206 aperta
1479 2166 1559 2196 arte
1586 2173 1756 2207 congres-

232 2229 292 2251 sus
319 2219 395 2253 est?
445 2218 500 2252 Ex
523 2219 594 2253 hoc
617 2218 766 2254 homine
790 2219 880 2253 nata
905 2219 961 2253 est
983 2217 1132 2253 inversa
1157 2217 1276 2252 oratio
1302 2229 1396 2262 quae
1421 2217 1540 2253 ironia
1565 2218 1709 2254 dicitur.

347 2371 363 2401 l
388 2366 508 2401 Maius
534 2366 678 2401 confert
702 2365 774 2401 Cic.
803 2365 852 2402 ad
875 2366 951 2401 Att.
978 2364 1055 2409 XV,
1082 2370 1111 2401 1.
1131 2371 1162 2401 3.
1181 2369 1212 2400 4.

343 2427 363 2457 2
387 2422 654 2458 Desiderantur
677 2422 842 2468 paginae.
863 2423 969 2457 duae.
1019 2422 1153 2467 Incipit
1177 2421 1265 2457 Cod.
1291 2420 1376 2458 Vat.
1402 2434 1439 2468 p.
1460 2425 1534 2458 186.

344 2484 364 2515 3
388 2479 482 2514 Add.
510 2490 579 2515 sec.
607 2492 654 2515 m.

344 2539 365 2570 4
391 2535 478 2571 Cod.
504 2548 561 2581 pr,
586 2548 634 2571 m.
659 2540 805 2572 sincera.

345 2596 364 2627 5
387 2592 543 2627 Miratur
568 2593 725 2628 Orellius
750 2595 788 2628 et
813 2593 954 2638 cogitat
978 2592 1023 2628 de
1049 2591 1191 2628 Graeco
1219 2593 1397 2628 vocabulo
1424 2593 1522 2629 λοξά.

344 2653 364 2683 6
389 2648 476 2684 Cod.
494 2661 551 2694 pr.
569 2661 616 2684 m.
636 2653 797 2685 minimae.
822 2649 895 2684 Sed
913 2650 1036 2684 cetera
1061 2650 1240 2684 eiusmodi
1263 2649 1300 2683 in
1319 2661 1420 2694 seqq.
1439 2660 1514 2684 non
1532 2650 1752 2686 curabimus.

345 2708 363 2739 7
388 2705 506 2740 Maius
533 2706 702 2751 corrigit:
728 2710 942 2742 inconditam.

344 2763 364 2794 8
391 2760 477 2795 Cod.
503 2773 557 2806 pr.
580 2767 732 2805 filos-olis,

345 2820 364 2850 9
391 2815 477 2850 Cod.
504 2830 558 2862 pr.
584 2830 631 2853 m.
657 2824 866 2863 poecissimo.

323 2875 364 2907 10
389 2872 523 2918 Incipit
548 2873 635 2909 Cod.
661 2874 747 2910 Vat.
772 2888 809 2922 p.
831 2879 905 2911 185.
