1968 3158
635 75 701 112 AD
725 74 792 111 AN
795 73 1021 111 TONINUM
1045 73 1175 110 PsUM.
1594 72 1674 115 169

388 271 528 316 VIII.
580 270 823 316 Antonino
852 270 943 315 Pio
972 268 1191 324 Augusto
1221 268 1420 313 Fronto.

251 364 435 408 Omnem
465 378 640 420 operam
668 377 736 405 me
767 362 947 416 dedisse,
980 360 1250 403 sanctissime
1270 359 1395 416 Imp„
1428 361 1472 402 et
1491 359 1674 415 inpenso

136 422 278 477 studio
309 433 476 489 cupisse
505 432 631 488 fungi
662 429 958 487 proconsulari
987 429 1204 483 munere¹,
1238 443 1305 471 res
1325 428 1420 484 ipsa
1440 427 1563 470 testis
1594 429 1672 470 est.

136 501 251 545 Nam
282 503 325 544 et
355 502 406 543 de
436 502 528 544 iure
558 498 787 554 sortiendi,
819 497 960 554 quoad
990 497 1204 540 incertum
1234 497 1332 552 fuit,
1365 496 1600 552 disceptavi
1631 498 1675 539 et

137 572 365 627 postquam
394 569 486 612 iure
515 568 747 611 liberorum
777 566 895 622 prior
926 565 1035 607 alius
1066 565 1280 621 apparuit,
1314 579 1409 607 eam
1429 557 1538 621 quae
1568 563 1675 606 mihi

137 638 347 682 remansit
375 635 767 693 splendidissimam
795 634 1065 692 provinciam
1094 647 1172 690 pro
1204 633 1340 676 electa
1376 633 1522 675 habui.
1571 632 1676 675 Post

136 707 214 750 illa
256 704 581 764 quae[cumque]
630 703 683 746 ad
725 702 1072 758 instruendam12
1100 701 1369 758 provinciam
1412 701 1673 756 adtinerent‚

137 789 220 831 quo
249 774 421 817 facilius
452 788 477 815 a
507 787 575 815 me
604 773 730 814 tanta
759 771 936 828 negotia
965 785 1042 826 per
1072 770 1305 812 amicorum
1334 770 1477 826 copias
1507 770 1675 812 obiren-

136 846 222 899 tur,
255 842 402 886 sedulo
431 840 699 898 praeparavi.
759 839 1031 895 Propinquos
1062 840 1106 880 et
1136 838 1294 880 amicos
1326 852 1463 893 meos,
1496 852 1677 894 quorum

137 912 265 955 fidem
287 913 331 954 et
350 910 650 967 integritatem
672 922 972 965 cognoveram,
1004 907 1154 949 domo-⁹³
1176 906 1323 949 accivi.
1366 906 1677 948 Alexandriam

140 980 193 1022 ad
222 979 458 1022 familiares
479 993 595 1021 meos
626 976 792 1032 scripsi,
825 978 873 1018 ut
894 975 1091 1018 Athenas
1115 975 1402 1029 festinarent,
1435 974 1579 1030 ibique
1609 989 1677 1016 me

139 1048 412 1105 operirentur
423 1047 454 1103 ⁴,
486 1047 622 1102 iisque
653 1059 907 1102 graecarum
929 1043 1209 1100 epistularum
1242 1057 1402 1106 curam·
1419 1042 1677 1084 doctissimis

141 1117 243 1159 viris
273 1115 421 1158 detuli.
482 1115 549 1158 Ex
580 1114 731 1158 Cilicia
762 1113 893 1156 etiam
923 1112 1169 1168 splendidos
1199 1112 1336 1166 viros,
1374 1110 1486 1166 quod
1516 1124 1678 1166 magna

139 1184 247 1227 mihi
275 1185 323 1227 in
353 1199 403 1226 ea
432 1183 655 1240 provincia
686 1182 921 1241 amicorum
951 1181 1075 1236 copia
1105 1182 1185 1236 est,
1219 1195 1316 1222 cum
1336 1178 1508 1235 publice
1538 1178 1677 1234 priva-

139 1253 303 1309 timque
333 1267 500 1308 semper
530 1251 707 1308 negotia
738 1249 919 1294 Cilicum
950 1250 1064 1305 apud
1093 1251 1137 1291 te
1169 1247 1449 1303 defenderim,
1482 1249 1532 1289 ut
1561 1247 1678 1290 veni—

139 1323 239 1364 rent
266 1321 463 1364 hortatus
494 1335 601 1362 sum.
652 1318 728 1373 ‘Ex
765 1318 1038 1360 Mauretania
1068 1331 1236 1373 quoque
1266 1317 1406 1358 virum
1437 1315 1679 1358 amantissi-

139 1406 257 1433 mum
292 1389 483 1445 mihique
519 1390 669 1430 mutuo
706 1401 854 1430 carum
889 1385 1048 1428 Iulium
1086 1385 1242 1428 Senem
1281 1385 1335 1426 ad
1378 1386 1472 1426 me⁵
1513 1384 1677 1438 vocavi,

143 1458 262 1501 cuius
292 1473 382 1500 non
411 1457 536 1499 modo
566 1456 649 1498 fide
687 1457 731 1497 et
768 1454 1017 1510 diligentia,
1062 1454 1136 1496 sed
1173 1453 1304 1495 etiam
1340 1452 1517 1495 militari
1555 1452 1678 1494 indu-

142 1527 248 1569 stria
270 1527 384 1569 circa
404 1524 669 1581 quaerendos
691 1525 735 1565 et
755 1522 1038 1565 continendos
1068 1522 1259 1572 latrones
1281 1521 1518 1563 adiuvarer.
1559 1519 1680 1562 Haec

142 1595 288 1637 omnia
316 1594 399 1636 feci
432 1608 507 1649 spe
536 1593 689 1647 fretus,
721 1605 845 1647 posse
875 1605 944 1632 me
974 1591 1092 1632 victu
1121 1589 1242 1632 tenui
1274 1591 1318 1631 et
1348 1603 1459 1644 aqua
1488 1589 1680 1644 potanda

142 1663 300 1706 malam
338 1662 648 1714 valetudinem,
695 1659 807 1715 qua6
836 1658 1066 1715 impedior,
1115 1658 1149 1699 si
1187 1673 1276 1700 non
1307 1657 1483 1699 omnino
1514 1656 1677 1711 sedare,

144 1731 293 1789 [cer]te
324 1731 378 1772 ad
407 1728 578 1788 m[aius]
618 1727 894 1771 intervallum
926 1725 1047 1785 [eius]
1061 1727 1077 1752 ⁷
1121 1727 1306 1781 impetus
1335 1725 1550 1781 mitigare.
1612 1725 1681 1766 Ita

143 1799 301 1854 evenit,
333 1801 382 1841 ut
412 1797 538 1841 solito
568 1796 728 1839 diutius
749 1796 859 1838 bene
880 1795 1067 1838 valerem
1097 1796 1140 1836 et
1169 1794 1295 1836 fortis
1325 1794 1538 1850 vigerem:
1575 1793 1680 1834 adeo

143 1871 193 1911 ut
222 1867 353 1910 etiam
383 1867 488 1909 duas
519 1866 754 1908 amicorum
791 1879 941 1906 causas
978 1878 1067 1906 non
1104 1862 1272 1905 minimi
1310 1862 1469 1904 laboris
1501 1863 1607 1917 aput
1636 1863 1680 1903 te

143 1939 310 1980 tutatus
362 1935 456 1978 sim.
532 1934 707 1990 Ingruit
758 1932 911 1975 deinde
960 1934 1087 1974 tanta
1136 1931 1200 1973 vis
1241 1930 1523 1985 valetudinis,
1571 1944 1681 1985 quae

143 2005 250 2048 mihi
286 2003 553 2057 ostenderet,
593 2016 765 2044 onmem
802 2015 923 2057 spem
961 2000 1081 2042 illam
1121 1999 1330 2056 {simitum
1363 2001 1495 2050 fuisse
1535 2032 1543 2040 .
1580 2031 1588 2039 .
1625 2031 1633 2039 .
1669 2030 1678 2039 .

261 2237 279 2267 1
303 2229 453 2276 Legesis
477 2230 527 2265 ad
541 2229 598 2265 M.
625 2228 728 2265 Caes.
753 2228 798 2264 V.
824 2231 878 2264 37.
929 2230 1055 2263 Maius.

260 2293 280 2323 2
304 2286 466 2333 Explicit
490 2285 687 2332 quaternio
711 2285 848 2328 XXX1;
879 2284 1027 2320 videtur
1058 2283 1210 2329 quidem
1240 2282 1316 2328 legi
1345 2282 1384 2317 in
1410 2282 1545 2317 Codice
1570 2282 1682 2324 XXX,

146 2345 213 2382 sed
236 2348 341 2380 error
363 2343 580 2379 manifestus
605 2343 672 2386 est,
697 2342 785 2387 quia
807 2342 906 2377 hunc
921 2351 1117 2376 numerum
1140 2339 1217 2375 iam
1232 2340 1429 2375 habuimus
1451 2351 1487 2384 p.
1507 2342 1571 2374 381
1591 2338 1680 2373 Cod.

148 2401 324 2447 Sequitur
349 2399 438 2435 Cod.
462 2411 499 2445 p.
526 2403 604 2435 332.

262 2463 283 2494 3
306 2457 450 2501 Nempe
475 2454 589 2491 Cirta.
639 2458 767 2491 Maius.

261 2519 283 2551 4
307 2514 365 2549 Ita
389 2512 525 2548 Codex.

263 2575 284 2607 5
307 2569 542 2606 Vocabulum
564 2579 748 2614 suprascr.

263 2632 283 2663 6
309 2626 398 2662 Cod.
424 2638 480 2671 pr.
506 2637 554 2660 m.
582 2638 690 2670 quam.

265 2689 285 2720 7
309 2685 369 2719 Ita
390 2682 520 2718 Maius.
570 2681 719 2717 Amicus
742 2680 837 2717 vidit
859 2682 898 2716 in
924 2679 1076 2716 Codice:
1107 2679 1245 2722 EQ.EC
1265 2709 1271 2715 .
1293 2709 1300 2715 .
1376 2679 1430 2715 IS.
1450 2709 1454 2712 .

264 2745 286 2778 8
310 2738 486 2784 Sequitur
511 2738 600 2774 Cod.
626 2750 661 2784 p.
689 2742 765 2782 331,
791 2749 886 2783 quae
911 2737 994 2773 tota
1017 2748 1124 2773 erasa
1148 2737 1214 2772 est.
1247 2737 1290 2772 In
1307 2748 1384 2782 seq.
1402 2747 1490 2782 pag.
1509 2740 1576 2772 330
1592 2735 1684 2772 nihil

149 2799 290 2848 legitur
313 2796 464 2846 praeter
488 2796 636 2834 unicam
659 2794 882 2833 sententiam
905 2794 943 2832 in
969 2793 1148 2841 margine.
