1968 3158
825 126 1013 162 PROLEG
1021 126 1156 162 OMEN
1159 126 1201 162 A.
1728 141 1793 171 vll

247 232 413 286 summa
439 243 681 299 diligentia
720 242 934 299 quaesivit
971 242 1256 299 Niebuhrius,
1291 241 1388 299 'qua
1433 244 1601 286 ratione
1647 245 1792 287 omnia

246 311 398 354 melius
428 312 726 368 procederent.
770 311 851 362 Qui
882 327 1013 368 quum
1045 312 1424 368 reprehensionem
1453 328 1543 355 non
1574 313 1789 370 effugerit,

245 381 368 436 quasi
399 381 446 422 in
477 381 660 424 obscura
690 395 736 423 re
766 381 934 437 ingenii
963 380 1125 423 viribus
1158 381 1316 423 abusus
1348 383 1474 437 esset,
1510 383 1706 436 βοηθήεω
1728 388 1789 437 τῷ

245 450 333 506 ἐμῷ
366 450 584 507 ὁμωνύμῳ
618 451 723 493 κατὰ
754 451 803 493 τὸ
835 451 1024 493 δυνατὸν
1057 452 1112 504 et,
1147 465 1192 492 re
1225 452 1425 493 accurate
1455 451 1694 507 explorata,
1729 451 1790 493 af-

244 518 382 574 firmo,
415 533 589 574 prorsus
620 518 917 561 incredibilem
956 520 1000 560 et
1029 533 1168 573 paene
1209 519 1401 561 divinam
1439 520 1573 562 fuisse
1611 520 1657 562 in
1688 519 1789 562 Nie-

243 586 398 629 buhrio
428 588 587 630 mentis
619 588 778 643 aciem,
820 587 894 642 qui
939 587 1173 630 divinando
1212 589 1259 630 in
1296 589 1523 645 permultis
1568 590 1789 634 assecutus

243 657 321 711 sit,
371 671 454 712 quo
493 656 655 711 Maius,
697 670 960 712 quamquam
996 656 1139 712 ipsum
1179 657 1369 700 codicem
1416 659 1568 701 ducem
1606 657 1786 713 habens,

242 739 331 767 non
362 725 552 780 potuerit
580 726 729 767 tamen
759 724 998 780 pervenire.
1060 723 1106 768 Si
1143 725 1238 781 quis
1276 726 1393 768 verbi
1437 742 1566 769 causa
1598 726 1787 769 contule-

241 793 299 835 rit
328 793 560 836 Frontonis
591 795 854 849 postremum
893 808 1026 849 opus,
1074 798 1288 847 Principia
1328 799 1537 838 Historiae
1575 795 1690 851 dico,
1740 796 1787 837 in

241 861 513 904 Berolinensi
545 863 732 905 editione
765 877 861 905 cum
894 877 992 904 vero
1030 864 1347 905 sententiarum
1385 864 1535 906 ordine
1575 866 1618 906 et
1655 879 1783 919 nexu,

242 931 528 973 admirabitur
573 932 714 974 virum
760 946 935 987 prorsus
987 931 1394 987 incomparabilem,
1449 933 1522 988 qui
1577 933 1786 975 acerrimo

240 1015 370 1043 sensu
401 1000 491 1043 eius
522 1001 635 1057 quod
667 1001 789 1043 decet
827 1015 878 1043 ex
916 1000 1183 1043 tenuissimis
1222 1000 1394 1043 indiciis
1426 1003 1636 1056 tanquam
1667 1003 1786 1043 vates

239 1069 468 1125 praedixit,
501 1085 610 1126 quae
641 1063 758 1112 nunc
790 1069 1187 1112 confirmabuntur..
1699 1125 1701 1129 .

351 1137 520 1181 Deinde
551 1139 692 1181 Maius
724 1138 971 1181 Mediolano
1002 1137 1185 1181 Romam
1217 1139 1436 1195 migravit,
1470 1140 1519 1180 ut
1551 1139 1788 1181 custodiret

237 1206 499 1250 Vaticanam
530 1207 851 1250 bibliothecam.
903 1207 970 1250 Ibi
1003 1223 1100 1250 cum
1131 1209 1321 1250 vetustos
1355 1207 1521 1250 codices
1552 1208 1785 1263 rescriptos

237 1277 467 1331 tractaret,
508 1276 661 1333 fugere
701 1292 798 1319 eum
828 1291 917 1319 non
947 1277 1110 1332 potuit,
1153 1276 1238 1318 alia
1269 1275 1503 1319 Frontonis
1533 1277 1785 1333 fragmenta

236 1344 372 1387 latere
402 1345 449 1387 in
482 1346 639 1402 codice,
673 1346 759 1402 qui,
778 1345 879 1388 olim
910 1360 1011 1401 pars
1042 1345 1174 1387 fuerit
1205 1345 1486 1388 Ambrosiani
1518 1345 1689 1400 codicis,
1723 1346 1785 1387 ita

236 1415 285 1456 ut
325 1416 506 1470 utraque
536 1415 785 1471 fragmenta
824 1429 876 1457 ex
914 1429 1001 1457 uno
1039 1414 1271 1471 eodemque
1303 1414 1447 1456 codice
1486 1414 1784 1457 Frontoniano
1803 1411 1812 1417 ”

236 1483 431 1525 desumta
461 1484 550 1526 sint
581 1486 624 1526 et
654 1483 816 1526 Romae
846 1484 1026 1526 inventa
1057 1483 1232 1540 egregie
1264 1483 1509 1539 suppleant,
1542 1498 1650 1539 quae
1682 1483 1783 1525 olim

234 1552 474 1608 prodierint
514 1552 763 1595 Mediolani.
825 1552 925 1595 Non
963 1554 1135 1608 poterat
1164 1552 1306 1595 Maius
1338 1552 1677 1609 Ambrosianum
1717 1567 1782 1594 co-

235 1620 373 1663 dicem
402 1621 560 1663 iterum
582 1622 792 1677 conferre,
826 1622 939 1678 quod
959 1623 1058 1677 post
1077 1621 1307 1676 Niebuhr-ii
1328 1621 1626 1663 recensionem
1646 1620 1781 1662 liben-

232 1687 313 1744 ter,
347 1691 395 1732 ut
425 1690 591 1746 opinor,
625 1690 822 1746 fecisset3
855 1691 930 1733 sed
949 1692 1098 1732 tamen
1120 1705 1171 1732 ex
1194 1689 1640 1732 animadversionibus
1671 1690 1780 1732 viro-

233 1773 328 1800 rum
359 1759 583 1801 doctorum
615 1759 886 1814 aliquantum
916 1759 1114 1815 profecit.
1170 1759 1322 1814 Itaque
1352 1758 1401 1800 in
1435 1758 1663 1800 Vaticanis
1694 1758 1779 1800 fra-

232 1828 422 1883 gmentis
443 1827 607 1870 Romae
629 1828 805 1870 edendis
827 1829 886 1870 AO
913 1828 1022 1870 1823
1045 1828 1220 1870 editoris
1251 1842 1429 1870 munere
1460 1827 1596 1869 multo
1627 1826 1779 1869 melius

232 1897 409 1938 functus
448 1899 535 1952 est,
582 1899 631 1939 ut
669 1897 846 1940 minime
886 1897 1063 1939 dubium
1112 1897 1190 1951 sit,
1240 1912 1337 1939 eum
1375 1896 1610 1938 Mediolani
1648 1897 1695 1938 in
1733 1910 1778 1938 re

232 1980 407 2021 prorsus
439 1966 587 2008 eadem
618 1966 731 2008 idem
760 1966 952 2021 potuisse
983 1967 1219 2021 praestare,
1254 1965 1290 2007 si
1312 1965 1461 2007 eadem
1491 1966 1659 2021 fuisset,
1693 1965 1779 2021 qua

230 2036 402 2090 postea,
444 2034 602 2090 peritia
643 2037 687 2076 et
724 2034 965 2090 diligentia.
1026 2034 1178 2090 Itaque
1219 2034 1349 2076 editio
1387 2034 1586 2077 Romana
1624 2034 1776 2077 tolera-

167 2117 170 2119 *
231 2102 330 2145 bilis
359 2104 544 2146 fortasse
577 2105 641 2146 est
671 2103 717 2145 in
747 2103 1007 2159 fragmentis
1038 2103 1286 2158 Vaticanis,
1329 2103 1402 2145 sed
1439 2103 1486 2145 in
1515 2104 1776 2160 fragmentis

231 2172 548 2227 Ambrosianis,
581 2187 690 2228 quae
722 2173 871 2214 eadem
901 2171 1227 2228 opportunitate
1257 2172 1416 2214 iterum
1448 2172 1601 2227 edidit,
1635 2188 1776 2227 pauca

231 2241 441 2296 quaedam
472 2241 702 2283 emendata
732 2241 905 2296 quidem
935 2243 1051 2295 sunt,
1084 2256 1265 2297 quorum
1295 2241 1432 2283 maior
1462 2255 1563 2296 pars
1595 2241 1775 2284 debetur

231 2309 367 2351 doctis
412 2309 759 2352 Berolinensium
804 2309 1195 2364 observationibus,
1250 2310 1323 2351 sed
1369 2310 1555 2365 plurima
1599 2325 1774 2365 prorsus

231 2378 414 2420 absurde
445 2379 560 2421 edita
591 2381 694 2421 sunt
730 2380 773 2420 et
804 2379 857 2420 ad
887 2378 1004 2425 hunc
1042 2375 1155 2421 diem
1192 2379 1412 2435 leguntur.
1473 2378 1569 2420 Hoc
1606 2393 1773 2433 quoque

229 2446 277 2488 in
307 2446 422 2489 Maio
455 2447 716 2502 culpandum
747 2449 825 2502 est,
860 2462 957 2489 eum
987 2462 1195 2503 persaepe
1217 2463 1305 2490 non
1326 2447 1543 2489 monuisse
1574 2447 1770 2501 lectores,

230 2515 331 2570 quid
363 2514 543 2557 aliorum
574 2516 832 2559 coniecturis
863 2517 1038 2559 deberet
1068 2518 1111 2558 et
1141 2516 1243 2571 quid
1273 2516 1320 2558 in
1350 2515 1492 2558 codice
1523 2515 1712 2571 legisset.

344 2583 504 2633 Quodsi
535 2584 629 2639 quis
661 2587 860 2640 quaerat,
908 2585 1118 2641 quomodo
1148 2584 1241 2627 fieri
1271 2583 1482 2639 potuerit,
1530 2586 1578 2626 ut
1607 2583 1771 2626 Romae

216 2651 335 2695 'Maii
365 2667 495 2708 opera
525 2654 650 2695 tanto
681 2655 793 2696 esset
829 2654 1091 2697 fructuosior
1129 2669 1257 2709 quam
1288 2652 1544 2707 Mediolani,
1583 2652 1770 2708 primum

229 2721 543 2764 observandum
583 2723 649 2764 est
687 2721 734 2764 in
771 2722 951 2764 vetustis
992 2722 1210 2765 codicibus
1241 2721 1437 2778 legendis
1469 2736 1606 2764 annos
1639 2722 1677 2764 ei
1707 2724 1769 2764 at-

228 2790 379 2833 tulisse
417 2790 632 2846 peritiam.
695 2790 805 2832 Tum
842 2791 889 2832 in
919 2790 1135 2833 Vaticano
1168 2790 1312 2833 codice
1344 2790 1523 2846 antiqua
1554 2790 1768 2846 scriptura

228 2861 345 2903 recte
375 2861 528 2903 renata
559 2861 643 2916 est,
678 2874 775 2902 cum
805 2859 946 2902 Maius
985 2859 1038 2902 ad
1068 2859 1404 2903 Ambrosianum
1433 2858 1593 2902 librum
1622 2859 1767 2916 legen-
