1968 3158
718 173 783 209 AD
807 172 988 212 AMICOS
1012 173 1157 209 LIBER
1179 172 1225 208 ΙΙ.
1659 172 1737 215 191

617 310 717 354 ΙΙΙ.
775 310 1031 355 Volumnio
1062 310 1322 369 Quadrato.

317 401 519 458 Legama,
567 402 650 457 fili,
697 401 905 444 libenter¹
940 402 1180 444 orationem
1221 403 1372 457 istam,
1418 416 1548 458 quam
1585 401 1740 444 misisti

202 469 332 526 mihi,
365 471 433 513 et²
464 471 500 513 si
530 471 632 526 quid
663 470 877 532 videbitur
909 470 1233 526 corrigendum,
1271 470 1553 526 l³corrigam‚
1586 469 1659 512 sed
1690 469 1739 512 li-

203 538 319 582 brari
349 554 501 582 manu:
531 554 633 581 nam
663 538 768 581 mihi
799 553 953 580 manus
984 539 1186 580 vexatur⁴
1219 538 1434 581 doloribus
1464 553 1554 580 non
1584 538 1740 580 medio-

205 607 360 650 cribus.
423 606 530 650 Cum
568 607 662 649 istis
701 609 847 649 tamen
886 606 1102 648 doloribus
1139 606 1186 648 in
1226 607 1387 650 circum
1425 607 1592 649 delatus
1630 621 1737 649 sum.

203 674 394 718 Rusum⁵
428 673 574 733 [enim]
607 674 748 716 studio
779 675 1034 717 circensium
1064 675 1241 718 teneorb
1265 709 1273 717 .
1309 709 1318 717 .
1351 678 1561 731 quantum
1584 709 1592 717 .
1617 708 1627 718 .
1648 677 1740 717 tuo-

203 758 285 799 que
317 776 328 786 .
362 777 372 786 .
404 743 612 786 orationis
645 776 654 785 .
690 776 699 784 .
731 742 803 785 hic
834 743 982 798 cupiat
1014 776 1022 784 .
1059 776 1068 785 .
1101 758 1189 785 non
1223 777 1232 785 .
1268 777 1275 786 .
1309 743 1379 786 hic
1410 744 1510 786 libel
1539 777 1548 785 .
1584 777 1592 786 .
1627 743 1740 786 colat

206 845 215 854 .
251 845 260 854 .
291 812 396 854 item
427 811 663 867 composita
693 812 750 853 sit
779 810 994 854 rhetorico
1023 813 1129 854 tota.

407 924 537 969 IIII.
598 924 821 970 Cornelio
851 924 1125 980 Repentino
1155 925 1268 969 Fr.⁶
1299 923 1534 971 Salutem.

317 1015 498 1072 Fecisti,
536 1016 673 1059 frater
703 1016 932 1072 Contucci,
979 1031 1056 1072 pro
1086 1018 1162 1059 tua
1192 1020 1401 1073 perpetua
1431 1017 1740 1060 consuetudine

205 1087 250 1128 et
278 1085 564 1141 benignitate,
597 1086 710 1141 quod
738 1085 1002 1128 Fabianum⁷
1034 1088 1275 1141 spectatum
1305 1086 1351 1128 in
1381 1086 1575 1128 iudiciis8
1608 1086 1740 1128 civili-

206 1154 299 1209 bus,
331 1154 604 1210 frequentem
634 1154 681 1196 in
711 1154 893 1210 forum⁹‚
925 1169 1068 1196 meum
1098 1154 1369 1209 familiarem,
1402 1155 1464 1196 ita
1484 1156 1651 1197 tutatus
1680 1169 1738 1209 es,

203 1223 254 1264 ut
291 1222 330 1264 ei
367 1223 730 1265 existimationem
766 1222 1026 1265 incolumem
1057 1237 1346 1266 conservares.
1407 1222 1575 1265 Meritis
1589 1223 1620 1250 ¹⁰
1659 1223 1741 1265 tibi

206 1305 355 1346 parem
385 1291 574 1347 gratiam
603 1291 889 1333 referundam*
909 1290 952 1333 di
982 1291 1246 1334 immortales
1276 1305 1430 1347 prospe
1463 1324 1738 1334 .......

207 1391 667 1402 ooooooooooo

637 1438 722 1517 vlss
783 1472 951 1531 (Arrio
981 1472 1306 1530 Antoninon.)

319 1563 506 1607 Multum
545 1564 778 1607 amicorum
818 1599 827 1607 .
868 1599 876 1607 .
920 1596 1738 1607 ...................

321 1689 344 1726 a
366 1693 412 1726 In
435 1693 602 1735 margine:
642 1690 830 1736 Repetita.

319 1748 343 1783 b
371 1750 415 1782 In
438 1751 589 1792 margine
620 1760 654 1792 p.
681 1750 746 1782 ‘291
773 1753 806 1782 ee
834 1760 869 1791 p.
897 1750 981 1783 339:
1029 1746 1168 1782 Fronto
1194 1746 1316 1782 studio
1341 1746 1561 1783 circensium
1586 1746 1741 1792 inpense

205 1804 416 1841 tenebatur.

322 1935 340 1966 1
367 1929 550 1967 omissum
576 1941 612 1975 p.
639 1933 717 1965 291.

320 1991 342 2024 2
367 1987 554 2023 Omissum
576 1998 612 2032 p.
639 1990 717 2022 291.

320 2049 342 2081 3
365 2043 526 2091 Explicit
549 2055 585 2090 p.
612 2047 690 2080 340.

319 2105 342 2137 4
364 2100 485 2137 Maius
510 2100 640 2137 scribit
655 2104 817 2138 dextera.
848 2100 999 2136 Amicus
1015 2100 1125 2136 vidit:
1150 2099 1267 2136 DEXI
1286 2129 1293 2135 .
1311 2099 1401 2136 UIS.
1437 2100 1607 2137 Correxit
1631 2100 1742 2136 Scho-

205 2169 334 2204 penus.

320 2220 342 2252 5
364 2215 460 2251 Hinc
490 2225 606 2260 usque
637 2214 686 2251 ad
715 2214 828 2251 finem
853 2215 1034 2261 epistulae
1058 2214 1250 2261 perierunt
1278 2226 1406 2251 versus
1438 2214 1560 2250 XVIII
1590 2215 1743 2260 praeter

206 2283 345 2319 paucas
366 2271 513 2308 litteras
538 2272 718 2308 errantes.

165 2332 173 2335 “
320 2332 342 2364 6
365 2329 482 2364 Addit
504 2328 624 2364 Maius
643 2332 718 2373 Pr.‚
745 2329 845 2374 quod
859 2329 898 2364 in
917 2329 1052 2366 Codice
1075 2339 1151 2364 non
1167 2329 1316 2375 legitur.
1333 2349 1377 2354 —-
1392 2328 1581 2365 Cornelius
1597 2329 1741 2374 Repen-

206 2385 315 2429 tinus,
340 2385 406 2420 sed
430 2386 472 2420 ut
494 2386 586 2431 puto
609 2384 748 2429 iunior,
785 2396 900 2431 gener
924 2386 1025 2421 Didii
1055 2386 1190 2422 Iuliani
1218 2385 1306 2432 imp.
1342 2387 1379 2420 et
1408 2386 1619 2431 praefectus
1644 2384 1739 2423 urbi,

207 2440 395 2487 spartian.
420 2442 459 2476 in
482 2441 549 2476 Iul.
576 2452 606 2476 c.
633 2446 666 2478 3.
715 2441 853 2479 Gruter
876 2442 989 2478 Inscr.
1017 2446 1070 2479 65.
1098 2446 1130 2479 5.
1181 2446 1309 2480 Maius.

321 2502 341 2533 7
368 2497 420 2533 Cf.
447 2496 689 2544 Spartianum
712 2498 750 2533 in
775 2498 913 2535 Severo
939 2510 968 2534 0.
997 2503 1049 2535 13.
1099 2502 1227 2535 Maius.

321 2557 342 2590 8
367 2554 426 2590 Ita
447 2553 578 2590 Maius,
608 2554 687 2589 -Du
710 2553 805 2590 Rieu
830 2554 1014 2591 distinxi&
1050 2555 1106 2591 001
1125 2583 1131 2590 .
1150 2554 1223 2590 IIS.
1271 2554 1389 2590 Malo:
1414 2558 1536 2603 causis.

320 2614 342 2647 9
365 2611 424 2646 Ita
450 2609 540 2646 Cod.
564 2610 789 2646 Niebuhrius
814 2622 883 2647 scr.
899 2614 991 2655 foro.
1029 2611 1088 2646 An
1101 2614 1151 2655 fr.
1170 2616 1205 2646 in
1222 2624 1282 2647 ore
1298 2615 1461 2647 omnium?
1492 2605 1738 2647 Heindorfius.

300 2671 343 2703 10
366 2667 426 2704 Ita
447 2666 578 2703 Maius.
627 2666 686 2702 Du
709 2666 805 2703 Rieu
827 2666 938 2703 vidit:
963 2666 1006 2702 IS
1033 2695 1040 2703 .
1068 2696 1075 2703 .
1105 2696 1111 2703 .
1140 2693 1149 2703 .
1350 2710 1352 2713 Α

299 2728 340 2759 11
366 2723 523 2760 Videtur
546 2722 810 2769 intelligendus
833 2723 896 2759 ille
924 2723 1055 2759 Arrius
1084 2723 1310 2767 Antoninus,
1342 2734 1454 2769 quem
1483 2723 1659 2760 Pertinax
1689 2724 1741 2759 dj-

209 2781 289 2816 ctus
314 2781 373 2816 est
396 2780 577 2816 adfectati
600 2779 748 2827 imperii
770 2780 871 2827 apud
895 2780 1141 2816 Commodum
1163 2779 1452 2824 insimulavisse3
1478 2780 1674 2827 Capitolia.
1701 2781 1739 2816 in

207 2837 346 2873 Pertin.
374 2849 403 2872 c.
430 2841 462 2881 3,
488 2848 671 2882 quemque
696 2848 827 2883 reapse
845 2837 1068 2873 Commodus
1093 2837 1245 2881 occidit3
1270 2836 1458 2883 Lamprid.
1484 2837 1523 2872 in
1547 2837 1738 2874 Commod.

209 2905 238 2929 c.
267 2898 298 2930 7.
339 2894 374 2929 Is
399 2893 606 2929 Antoninus
629 2893 739 2930 Asiae
765 2893 1002 2941 cognoscitur
1024 2893 1138 2929 fuisse
1162 2893 1399 2940 proconsule
1415 2893 1609 2940 praedicto
1633 2893 1742 2930 Lam·
