1968 3158
274 166 354 208 144
551 164 599 199 M.
620 163 846 198 CORNELII
869 162 1147 199 FRONTONIS
1171 162 1514 199 EPISTULARUM

269 278 384 320 tibi?
427 277 540 319 non¹
573 278 622 317 ut
660 276 727 331 id,
773 277 949 331 propter
979 276 1091 331 quod
1121 276 1287 331 places,
1337 276 1548 332 repudies.
1608 277 1723 320 Nam
1751 279 1801 320 ut

270 360 385 387 nunc
414 345 537 399 facis,
571 344 671 385 alibi
703 346 752 385 tu
782 344 1097 385 medicamenta
1123 344 1307 399 obligas.
1369 343 1479 393 Quid
1507 345 1715 387 tandem?
1763 345 1799 387 si

270 413 349 454 tibi
386 412 577 467 placebis
616 412 727 466 quod
772 411 883 453 iuste
920 411 1144 467 iudicaris,
1192 411 1403 453 iustitiam
1440 411 1716 466 repudiabis?
1763 412 1800 454 si

270 480 458 535 placebis
487 479 568 521 tibi
598 479 669 534 pio
690 479 832 534 aliquo
865 479 982 521 cultu
1011 479 1218 534 parentis,
1251 480 1459 534 pietatem
1479 479 1801 534 spernabere2‘?

270 548 419 590 Places
448 547 529 589 tibi
552 561 647 588 cum
667 547 900 589 facundus:
932 547 1068 602 igitur
1097 547 1275 589 verbera
1296 547 1388 602 te3‚
1422 547 1523 602 quid
1553 547 1800 590 facundiam

270 614 497 658 verberas?

385 683 573 724 Tametsi
605 682 755 724 Plato4
786 682 849 724 ita
878 682 1040 724 diceret
1069 682 1214 738 itaque
1251 685 1295 724 te
1327 682 1620 738 compellaret:
1673 682 1708 725 O
1739 683 1801 725 iu-

272 751 406 806 venis,
438 750 677 805 periculosa
708 752 773 791 est
801 749 883 791 tibi
912 764 1200 805 praepropera
1230 750 1428 806 placendi
1457 750 1583 806 fuga:
1622 750 1801 793 novissi-

270 834 387 860 mum
417 833 600 873 namque
630 818 794 859 homini
825 817 1083 872 sapientiam
1105 818 1262 860 colenti
1283 818 1514 860 amiculum
1545 821 1610 860 est
1639 819 1801 875 gloriae

273 887 465 942 eupidoa.
526 886 576 927 Id
611 885 866 927 novissime⁵
898 886 1078 927 exuitur.
1139 885 1228 940 Ipsi
1259 885 1342 940 ipsi
1351 918 1362 940 7
1395 885 1597 941 inquam,
1629 885 1802 928 Platoni

271 955 318 996 in
347 955 626 997 novissimum
655 968 788 1008 usque
819 954 933 995 vitae
970 953 1101 995 finem
1131 953 1296 1008 gloria⁰
1327 952 1558 994 amiculum
1588 953 1684 995 erit.

385 1022 497 1064 Illud
527 1022 659 1063 etiam
689 1021 855 1062 audisse
886 1035 953 1062 me
982 1021 1172 1075 memini,
1205 1020 1408 1076 pleraque
1439 1020 1657 1075 sapientes
1688 1020 1801 1063 viros

271 1090 315 1132 id
355 1089 492 1131 inest⁷
537 1089 656 1131 scitis
695 1088 852 1130 mentis
892 1090 1019 1144 atque
1051 1088 1256 1130 consultis
1293 1087 1450 1129 habere
1489 1088 1662 1143 debere,
1702 1102 1802 1144 quo-

254 1155 367 1198 -rum
396 1157 615 1199 interdum
645 1171 724 1198 usu
755 1156 1022 1211 abstineant3
1053 1156 1240 1211 itemque
1270 1155 1488 1198 interdum
1517 1155 1727 1198 nonnulla
1755 1156 1802 1198 in

272 1239 352 1266 usu
371 1224 531 1266 habere
554 1224 729 1279 debere,
754 1238 861 1279 quae
887 1224 1100 1280 dogmatis
1123 1224 1388 1278 improbent3
1406 1238 1544 1278 neque
1561 1223 1717 1279 ubique
1738 1238 1804 1266 ra-

272 1293 435 1334 tionem
466 1292 704 1347 sapientiae
727 1294 889 1334 rectam
905 1294 948 1333 et
963 1306 1086 1333 usum
1105 1291 1218 1333 vitae
1239 1291 1528 1333 necessarium
1553 1305 1801 1347 congruere.

386 1359 474 1401 Fac
503 1362 546 1402 te
556 1393 567 1415 7
603 1359 805 1415 Caesarss,
839 1359 893 1401 ad
923 1359 1180 1414 sapientiam
1219 1358 1440 1402 Cleanthis
1480 1361 1554 1400 aut
1592 1358 1804 1401 Zenonis⁰

273 1441 396 1482 posse
440 1428 709 1483 pertingere,
757 1427 958 1483 ingratiis
972 1428 1002 1453 '¹⁰
1033 1429 1180 1468 tamen
1211 1427 1291 1469 tibi
1330 1440 1591 1481 purpureum
1625 1426 1806 1481 pallium

274 1495 356 1537 erit
392 1495 669 1550 sumendum,
715 1509 804 1537 non
848 1494 1026 1550 pallium
1062 1494 1412 1550 philosophorum
1449 1493 1579 1536 soloci
1592 1494 1621 1520 ¹¹
1659 1494 1803 1536 lanab.

274 1564 494 1619 Purpureo
535 1594 1344 1606 ....................
1387 1561 1440 1617 [¹²
1472 1594 1480 1603 .
1516 1595 1524 1603 .
1560 1595 1568 1603 .
1605 1594 1612 1603 .
1655 1560 1805 1604 Clean-

274 1631 369 1673 thes
407 1646 517 1686 aqua
546 1631 596 1672 de
623 1632 753 1685 puteo
784 1630 1048 1672 extrahenda
1076 1630 1239 1671 victum
1269 1629 1521 1684 quaerebat:
1551 1629 1632 1671 tibi
1663 1643 1806 1685 saepe-

389 1755 411 1779 a
436 1747 480 1779 In
505 1748 671 1788 margine:
696 1743 910 1778 Periculosa
934 1763 978 1768 ——
1003 1743 1147 1788 cupido.

387 1801 411 1835 b
437 1803 482 1835 In
506 1804 675 1844 maryine:
700 1799 785 1834 Non
809 1799 945 1844 ubique
970 1799 1040 1834 rat.
1065 1800 1155 1834 rect.
1177 1810 1254 1844 sap.
1275 1799 1313 1834 et
1332 1810 1418 1833 usus
1434 1798 1533 1834 vitae
1556 1799 1806 1834 necessarium

279 1868 499 1901 congruere,
530 1857 571 1890 ut
600 1855 820 1901 imperatori
845 1857 876 1890 si
899 1855 1196 1901 philosophetur,
1232 1854 1404 1899 ingratiis
1435 1855 1549 1890 etiam
1575 1867 1806 1901 purpureum

239 1923 243 1927 ·
277 1913 348 1949 erit
371 1913 526 1958 pallium
551 1912 780 1956 sumendum,
808 1923 891 1947 cum
914 1911 1155 1957 philosophus
1179 1911 1320 1947 habeat
1347 1910 1601 1947 consucidum.

392 2019 409 2050 1
434 2015 492 2050 L.:
519 2027 559 2049 ne
580 2018 722 2059 placeas
747 2017 816 2056 tibi,
842 2025 955 2058 quam
979 2021 1016 2048 ut
1038 2017 1086 2049 id.
1134 2016 1367 2058 Heindorfi'us.

390 2076 409 2106 2
436 2069 653 2106 Triumviri:
679 2073 921 2115 aspernabere.

390 2132 410 2163 3
436 2126 560 2162 Codex
569 2141 576 2161 :
585 2121 827 2163 verberantem.
843 2125 1012 2161 Correxit
1017 2124 1251 2161 Niebuhrius.
1267 2124 1392 2160 Codex
1399 2126 1550 2170 praeter
1560 2135 1604 2160 ea
1612 2139 1621 2159 :
1628 2128 1805 2169 facundia.

389 2188 411 2219 4
434 2184 493 2219 Ita
511 2182 633 2218 Codex
658 2182 859 2218 admodum
882 2181 1087 2227 perspicue.
1124 2182 1262 2217 Maius:
1286 2186 1423 2226 placita.
1463 2181 1706 2217 Niebuhrius:
1732 2186 1806 2226 pla-

277 2244 368 2278 cida.
416 2241 459 2276 cf.
486 2240 580 2275 Plat.
608 2251 668 2285 ap.
693 2239 828 2275 Athen.
853 2239 915 2274 XI.
942 2243 1007 2275 507
1031 2239 1075 2274 D.

390 2301 411 2332 5
435 2296 554 2331 Maius
570 2295 679 2340 legit:
706 2300 921 2337 novissimum,
946 2296 1103 2330 fortasse
1127 2295 1239 2339 recte,
1265 2294 1331 2329 sed
1348 2293 1472 2329 Codex
1487 2293 1603 2329 habet
1621 2298 1805 2330 novissime.

279 2355 323 2389 cf.
349 2353 589 2388 Tacit.‘Hist.
616 2352 677 2387 IV.
705 2355 724 2386 6
750 2352 788 2387 et
810 2352 905 2387 Plut.
957 2354 1014 2386 An
1045 2355 1119 2387 seni
1141 2364 1234 2395 resp.
1258 2364 1330 2395 θεν.
1356 2362 1394 2396 p.
1417 2354 1483 2386 783
1506 2350 1550 2385 D.
1599 2349 1808 2386 Videautur

279 2408 578 2445 Schneidewinus
602 2409 641 2443 in
665 2408 860 2453 Philologo
885 2407 954 2443 VIl
978 2420 1014 2453 p.
1034 2411 1097 2444 321
1125 2408 1163 2442 et
1180 2406 1342 2442 Cobetus
1364 2406 1403 2441 in
1425 2406 1604 2442 Mnemos.
1622 2405 1657 2442 V
1672 2418 1708 2452 p.
1727 2410 1805 2442 232.

277 2466 383 2502 Adde
408 2465 673 2511 Wyttenbach.
700 2465 739 2499 in
762 2464 879 2510 Epist.
907 2463 1030 2499 Critic.
1058 2464 1103 2498 de
1128 2464 1271 2499 Iuliano
1295 2476 1331 2509 p.
1359 2467 1414 2499 49.

393 2527 413 2558 6
439 2521 579 2557 Codex:
603 2525 757 2566 gloriam.
879 2538 881 2540 ·

393 2582 412 2613 7
437 2578 602 2614 Exhibeo
621 2577 766 2613 Codicis
782 2576 993 2622 lectionem,
1021 2588 1134 2622 quam
1151 2588 1226 2612 non
1242 2575 1423 2620 intelligo.
1454 2574 1573 2611 Maius
1591 2574 1692 2623 delet
1709 2579 1806 2610 inest.

392 2640 412 2670 8
439 2634 491 2669 Cf.
518 2634 566 2670 ad
589 2634 725 2669 Anton.
751 2633 859 2668 Pium
881 2634 909 2669 I.
938 2637 968 2668 1.

393 2696 413 2726 9
438 2691 496 2726 Ita
521 2690 663 2726 Codex:
703 2690 823 2726 Maius
847 2690 994 2735 legerat
1020 2693 1182 2725 Xenonis.
1239 2682 1243 2684 Ἴ
1268 2687 1272 2691 ’

372 2751 413 2783 10
439 2746 491 2782 Cf.
517 2747 565 2782 M.
591 2747 717 2783 Aurel.
742 2747 788 2782 de
811 2747 890 2782 reb.
917 2758 945 2781 s.
970 2746 1031 2781 VI.
1061 2750 1113 2782 13.
1137 2746 1199 2781 IX.
1227 2749 1281 2781 36.

373 2807 412 2838 11
439 2802 550 2838 Solox
566 2803 701 2847 (inquit
716 2803 859 2847 Festus)
876 2803 963 2838 lana
979 2813 1105 2838 crassa
1118 2802 1176 2838 vel
1192 2813 1305 2848 pecus
1321 2801 1409 2836 lana
1426 2801 1649 2836 contextum.
1676 2801 1803 2836 Maius.

373 2863 414 2895 12
439 2858 612 2903 Sequitur
630 2859 718 2895 Cod.
737 2871 773 2904 p.
783 2863 859 2903 399,
873 2870 991 2903 erasa,
1004 2860 1156 2904 praeter
1167 2858 1315 2894 unicam
1332 2857 1555 2893 sententiam
1570 2856 1609 2892 in
1625 2855 1804 2901 margine.
