1968 3158
495 203 561 239 AD
586 203 634 238 M.
655 202 911 238 CAESAREM
937 202 998 238 ET
1026 201 1229 238 INVICEM
1253 201 1397 238 LIBER
1421 200 1465 236 II.
1694 201 1750 243 35

208 365 300 411 XI.
332 363 644 420 Amplissimo
662 363 857 408 Consuli
884 363 1115 418 Magistro
1134 360 1231 407 Suo
1248 362 1308 406 M.
1321 362 1495 407 Caesar
1513 359 1748 406 Salutem.

322 457 454 500 Anno
493 456 651 498 abhinc
687 455 817 498 tertio
855 470 922 497 me
970 455 1242 497 commemini
1291 469 1386 497 clun
1432 456 1555 510 patre
1594 468 1688 496 meo
1726 469 1750 495 a

207 525 425 569 vindemia
455 524 689 567 redeunte¹
734 524 780 565 in
828 537 981 579 agrum
1025 522 1202 579 Pompei
1242 523 1469 565 Falconis²
1513 523 1747 565 devertere.

207 594 275 636 Ibi
314 608 381 636 me
411 593 555 635 videre
594 592 789 634 arborem
820 582 1053 633 multorum
1083 606 1312 646 ramorum,
1353 606 1481 647 quam
1518 590 1591 652 ille
1629 605 1751 633 suum

208 676 366 705 nomen
404 659 745 704 catachannam³
782 660 1038 702 nominabat
1049 668 1078 700 ²².
1134 657 1244 702 'Sed
1282 659 1357 701 illa
1397 659 1524 701 arbor
1548 659 1670 719 >mira
1708 661 1752 700 et

208 744 322 773 nova
351 729 443 771 visa
473 729 539 770 est
568 727 674 769 mihi
712 727 758 769 in
789 742 875 770 uno
904 730 1060 770 trunco
1095 727 1240 769 onmia
1271 728 1462 776 omnium
1491 727 1626 769 ferme
1656 741 1751 783 ger-

208 811 328 840 mma
363 829 1275 839 .....................

539 898 659 942 XII.
707 898 793 960 (M.
822 898 994 942 Caesar
1024 898 1257 953 Magistro
1290 896 1424 954 Suo.)

327 1012 606 1022 .......
623 978 710 1034 1⁴et
747 993 867 1021 meus
897 994 966 1021 me
1007 966 1142 1034 alipta
1178 979 1378 1021 faucibus
1409 978 1606 1033 urgebat.
1670 978 1751 1021 Sed

209 1064 331 1105 quae,
364 1048 522 1103 inquis,
554 1047 736 1088 fabula?
757 1041 827 1090 ‘Ut
856 1049 981 1102 pater
1011 1062 1132 1090 meus
1164 1062 1189 1088 a
1219 1047 1355 1089 vineis
1377 1047 1550 1088 domum
1572 1061 1616 1088 se
1637 1062 1751 1089 rece-

208 1118 288 1172 pit,
321 1130 402 1184 ego
440 1114 567 1157 solito
605 1129 724 1157 more
764 1129 917 1171 equom
954 1116 1165 1170 inscendi,
1205 1117 1250 1157 et
1286 1116 1334 1157 in
1379 1115 1494 1157 viam
1531 1116 1752 1170 profectus

209 1200 326 1240 sum,
375 1187 419 1226 et
455 1182 678 1239 paululum
721 1185 964 1238 provectus.
1026 1183 1194 1226 Deinde
1237 1183 1297 1226 ibi
1348 1183 1394 1225 in
1438 1184 1508 1225 via
1547 1184 1608 1226 sic
1654 1198 1753 1225 oves

208 1252 370 1295 multae
402 1245 686 1308 conglobatae
723 1252 968 1306 adstabant,
1009 1254 1057 1294 ut
1087 1251 1206 1294 locus
1238 1251 1456 1294 solitarius
1467 1252 1496 1306 5,
1539 1255 1582 1294 et
1622 1267 1749 1294 canes

209 1323 427 1377 quattuor,
461 1322 504 1362 et
534 1320 616 1362 duo
645 1322 860 1376 pastores,
897 1320 997 1363 sed⁶
1034 1320 1145 1362 nihil
1183 1322 1394 1376 preterea.
1457 1320 1568 1362 Tum
1606 1323 1754 1376 pastor

209 1403 320 1432 unus
351 1389 404 1430 ad
435 1388 620 1430 alterum
649 1391 881 1444 pastorem,
912 1391 1143 1445 postquam
1172 1388 1390 1444 plusculos
1429 1389 1594 1444 equites
1629 1390 1751 1443 vidit,

208 1457 305 1499 vide
334 1457 443 1499 tibi⁷
473 1457 579 1499 istos
610 1457 789 1513 equites,
821 1457 978 1513 inquit,
1019 1472 1122 1499 nam
1159 1457 1221 1499 illi
1259 1457 1401 1499 solent
1438 1458 1648 1500 maximas
1687 1473 1753 1499 ra-

208 1525 481 1581 pinationes8
521 1526 679 1568 facere.
741 1524 827 1567 Ubi
876 1525 921 1567 id
959 1526 1124 1580 audivi,
1165 1525 1308 1568 calcar
1354 1526 1489 1581 equo9
1529 1526 1750 1582 subringo,

210 1593 380 1635 ecum¹⁰
408 1593 456 1635 in
486 1595 578 1636 ovis
606 1593 772 1649 inigob.
806 1593 919 1636 Oves
943 1596 1246 1636 consternatae
1279 1594 1610 1649 disperguntur:
1643 1594 1753 1636 aliae

306 1708 350 1743 *a
375 1699 420 1731 In
444 1701 611 1745 margine:
636 1695 760 1731 Arbor
785 1695 1027 1732 catachanna.

323 1753 349 1788 b
374 1756 419 1788 In
443 1757 610 1798 margine:
642 1751 830 1789 maximas,
854 1752 1109 1798 rapinationes
1139 1754 1262 1789 facere
1293 1754 1416 1789 calcar
1453 1764 1548 1799 equo
1574 1753 1753 1800 subringo

211 1821 316 1846 ecum
339 1809 379 1844 in
404 1809 482 1845 ovis
505 1809 618 1855 inigo.

327 1917 342 1948 1
371 1913 416 1948 cf.
443 1911 600 1958 Capitol.
626 1911 701 1947 Vit.
727 1912 902 1954 Antonin.
931 1925 960 1948 c.
982 1917 1033 1949 11.

325 1974 345 2004 2
370 1969 428 2004 Ad
467 1968 686 2014 Pompeium
725 1969 924 2005 Falconem
965 1971 1094 2006 extant
1132 1970 1256 2016 plures
1289 1970 1399 2006 Plinii
1440 1971 1631 2017 epistulae.
1696 1971 1755 2006 Ad

212 2026 371 2062 eundem
400 2025 518 2061 tradit
547 2025 727 2071 Ulpianus
757 2026 841 2071 Dig.
873 2026 1040 2062 XXVIII.
1067 2031 1099 2062 3.
1125 2027 1189 2062 ssff.
1216 2032 1235 2063 7
1273 2028 1450 2073 scriptam
1482 2029 1529 2064 ab
1561 2028 1753 2064 Hadriano

212 2083 410 2130 epistulam
434 2082 480 2118 de
505 2083 653 2118 casibus
677 2083 806 2118 infecti
829 2083 1058 2120 testamenti.
1108 2087 1235 2122 Maius.

325 2145 346 2176 3
372 2140 416 2175 cf.
443 2139 536 2175 Plin.
563 2139 657 2175 Hist.
683 2140 770 2176 Nat.
795 2139 911 2175 XVII.
926 2144 979 2176 15.
1027 2140 1149 2176 Maius
1179 2142 1288 2176 notat
1318 2141 1499 2177 Oriolium
1537 2143 1753 2178 observasse

210 2197 282 2232 hoc
311 2196 435 2242 ipsum
465 2196 689 2232 vocabulum
723 2208 918 2233 occurrere
948 2197 987 2231 in
1019 2196 1210 2243 Spartiani
1240 2198 1355 2233 Hadr.
1384 2210 1413 2234 c.
1435 2203 1476 2234 16
1506 2200 1662 2235 vetustis
1695 2212 1754 2235 ex—

207 2254 351 2300 cerptis
375 2257 487 2298 atque
511 2253 551 2288 in
574 2253 751 2299 inspectis
769 2254 980 2290 aTurnebo
998 2254 1162 2300 antiquis
1186 2254 1291 2290 libris
1315 2266 1385 2301 pro
1407 2258 1584 2302 corrupta
1600 2257 1755 2303 vulgata

212 2310 372 2347 lectione
398 2314 617 2346 eataerianos
647 2311 947 2350 velcatacaimos.
1008 2311 1061 2347 Cf.
1088 2323 1266 2358 graecum
1293 2313 1513 2348 vocabulum
1545 2315 1752 2360 καταχήνη,

212 2368 258 2404 de
275 2378 349 2413 quo
368 2367 440 2403 vid.
460 2367 596 2412 Bergk.
615 2368 654 2402 in
678 2367 780 2403 Diar.
799 2368 991 2414 Marburg.
1014 2372 1111 2420 1835:
1137 2381 1194 2411 nr.
1213 2373 1267 2405 37.
1296 2371 1334 2405 et
1350 2370 1638 2416 Bernhardyum
1661 2370 1752 2406 ibid.

214 2429 312 2460 1834.
338 2437 398 2460 nr:
414 2428 488 2460 141.

327 2486 349 2516 4
372 2481 508 2527 Incipit
537 2480 625 2516 Cod.
658 2481 830 2517 Ambros.
861 2494 898 2528 p.
926 2486 990 2518 106
1029 2494 1111 2518 cum
1150 2483 1324 2530 inscript:
1370 2483 1567 2519 CAESAR.
1594 2484 1684 2519 LIB.
1708 2485 1754 2519 ΙΙ.

214 2538 312 2582 Quot
335 2537 497 2584 paginae
520 2537 787 2583 interciderint,
811 2539 952 2584 liquido
971 2539 1116 2575 definiri
1131 2539 1271 2585 nequit.
1304 2540 1487 2585 Equidem
1504 2541 1601 2576 hanc
1621 2541 1754 2586 episto-

212 2596 288 2631 lam
313 2606 388 2630 non
410 2593 591 2639 intelligo.

328 2657 348 2688 5
371 2651 429 2686 An
453 2659 489 2686 ut
512 2655 596 2687 Iocis
618 2655 806 2687 solitariis?
840 2655 1074 2698 Heindorfius.

329 2712 349 2743 6
373 2707 502 2743 Malim
527 2715 570 2743 et.
612 2711 847 2753 Heindorfius.

328 2770 347 2801 7
374 2764 462 2800 cod.
488 2777 544 2810 pr.
571 2777 619 2800 m.
646 2768 771 2801 videbit
794 2768 850 2801 ibi.

327 2827 349 2858 8
375 2825 604 2867 Rapinatores
628 2822 765 2867 legitur
789 2822 890 2869 apud
912 2822 1075 2859 Nonium
1101 2836 1144 2860 ex
1169 2823 1338 2860 Varrone
1363 2827 1400 2861 ct
1423 2825 1575 2863 Lucilio.
1626 2829 1750 2864 Maius.

329 2883 350 2914 9
375 2877 464 2914 cod.
490 2892 613 2925 equae,-
637 2881 717 2914 tum
741 2890 811 2925 pro
835 2883 994 2925 subrinyo
1019 2881 1254 2917 Heindorfius
1279 2882 1433 2928 corrigit
1455 2889 1638 2930 suppingo.

308 2940 350 2971 10
374 2935 432 2971 Ita
457 2934 582 2972 Codex
605 2947 674 2982 pro
700 2950 827 2983 equum.
