1968 3158
1158 108 1186 123 ἱ

278 160 362 202 204
742 157 789 191 M.
810 155 1036 192 CORNELII
1060 157 1190 193 FRON
1193 157 1292 194 TON
1293 158 1335 194 IS

278 275 395 314 ortae
434 272 551 313 brevi
598 272 689 313 die¹
727 269 1002 312 occiderunt:
1043 268 1220 325 quorum
1257 272 1383 313 unius
1419 272 1631 316 humanae
1668 276 1801 330 prolis

278 342 418 382 aetate
455 339 682 395 imperium
718 338 978 381 exstinctum
1015 340 1092 380 est.
1152 329 1265 381 Nam
1311 339 1384 381 illa
1422 355 1530 395 quae
1568 342 1802 386 Alexandri

278 409 453 450 comites
488 407 805 462 familiaresque
851 408 1104 462 tenuerunt,
1150 406 1449 462 praefecturae
1490 410 1629 466 magis
1673 425 1801 466 quam

275 476 455 531 imperia
491 475 774 531 appellandae
808 507 1127 517 ........
1170 474 1371 517 Nemini²
1401 490 1580 531 usquam
1599 478 1802 533 oppidum

275 557 412 599 neque
448 545 611 586 tectum
640 543 894 586 diutunum3
931 544 1004 584 aut
1038 542 1170 584 limen
1208 542 1512 587 inveteratum:
1558 545 1803 589 libertatem
1831 583 1833 585 ,

274 612 422 667 inopia
459 611 612 667 sortiti,
652 612 751 667 quia
787 612 959 666 inopem
990 609 1216 666 subigendi
1255 611 1411 653 sterilis
1448 611 1613 655 fructus
1643 613 1801 656 laboris

276 680 444 735 capitur
483 714 490 721 .
527 714 535 721 .
572 714 580 721 .
617 714 623 722 .
665 679 793 736 Vagi‚
826 679 1046 734 palanteS,
1089 678 1207 720 nullo
1243 678 1411 720 itineris
1450 679 1663 723 destinato
1698 681 1798 737 fine,

273 762 361 790 non
392 748 446 790 ad
474 748 629 803 locum,
670 748 742 790 sed
774 748 827 789 ad
855 760 1078 802 vesperum
1109 746 1406 788 contenditur⁴
1438 781 1798 793 .........

277 847 1382 858 .........................
1433 818 1550 869 direp
1568 818 1571 871 l
1584 818 1599 842 ⁵
1610 817 1799 860 tionibus

276 883 416 925 clades
447 884 684 939 ediderunt,
717 884 931 925 latronum
950 882 1090 937 potius
1122 896 1249 937 quam
1269 881 1456 924 hostium
1476 898 1653 927 numero
1675 885 1796 928 duco.

273 950 361 993 Soli
403 951 624 993 hominum
669 950 821 993 Parthi
867 951 1067 992 adversus
1111 949 1315 1005 populum
1364 949 1606 993 Romanum
1645 951 1799 996 hostile

271 1033 429 1061 nomen
459 1019 573 1061 haud
602 1034 804 1075 umquam
846 1018 1205 1060 contemnendum
1240 1021 1485 1074 gesserunt:
1523 1020 1567 1061 id
1597 1020 1700 1062 satis
1731 1021 1798 1063 de-

270 1089 483 1129 monstrat
510 1102 598 1129 non
630 1087 770 1130 Crassi
800 1087 924 1129 modo
957 1086 1096 1128 clades
1129 1087 1172 1127 et
1201 1086 1382 1128 Antonii
1412 1087 1537 1129 foeda
1566 1087 1685 1143 fuga,
1725 1089 1799 1131 sed

272 1154 402 1197 etiam
430 1155 653 1197 fortissimi
683 1155 951 1210 imperatoris
973 1154 1150 1196 Traiani
1180 1153 1310 1196 ductu
1340 1154 1534 1210 legatus⁶
1566 1169 1661 1197 cum
1682 1170 1797 1198 exer-

272 1223 360 1265 citu
392 1237 559 1278 caesus,
608 1225 652 1265 et
687 1223 895 1278 principis
928 1221 981 1263 ad
1011 1221 1277 1277 triumphum
1307 1221 1551 1267 decedentis
1580 1223 1797 1279 haudqua-

270 1304 399 1346 quam
428 1305 577 1333 secura
605 1305 686 1333 nec
715 1291 943 1332 incruenta
972 1289 1251 1345 regressio⁷a.

382 1357 504 1400 Bella
532 1358 667 1414 igitur
704 1358 786 1399 duo
821 1358 1008 1399 maxima
1045 1371 1070 1399 a
1100 1357 1262 1399 duobus
1298 1358 1494 1400 maximis
1531 1359 1795 1414 imperatori-

269 1425 348 1467 bus
393 1426 617 1468 adversum
654 1425 838 1468 Parthos
882 1427 1030 1467 nostra
1067 1425 1272 1467 memoria
1307 1426 1401 1480 pari
1446 1428 1602 1468 eventu
1637 1426 1796 1469 bellata
1825 1477 1832 1482 ¹

269 1494 526 1535 contendere
554 1493 668 1536 inter
696 1507 786 1535 sese
815 1507 893 1548 pro
924 1492 1056 1547 copiis
1079 1493 1280 1551 cuiusque
1311 1493 1430 1535 ducis
1461 1495 1505 1535 et
1533 1494 1795 1549 temporibus

267 1575 466 1616 pergam:
505 1561 618 1603 haud
649 1562 842 1617 ignarus,
880 1561 1035 1602 fortia8
1065 1560 1259 1602 facinora
1288 1560 1524 1603 viventium
1559 1562 1792 1618 gravaffius,

267 1630 533 1671 mortuorum
570 1630 735 1685 gratius
774 1629 931 1684 accipi:
976 1628 1112 1670 faveri
1149 1628 1416 1683 praeteritis,
1456 1629 1637 1671 invideri
1674 1644 1793 1685 prae—

269 1696 460 1738 sentibus
471 1697 503 1738 b.
564 1696 760 1752 Namque
798 1696 960 1738 invidia
1005 1710 1171 1751 semper
1205 1729 1213 1736 .
1245 1729 1253 1736 .
1287 1697 1538 1751 ⁹persistere
1572 1731 1579 1738 .
1615 1730 1622 1738 .
1657 1697 1708 1739 de
1741 1732 1748 1739 .
1783 1732 1790 1739 .

266 1763 313 1805 in
347 1797 355 1805 .
392 1797 400 1805 .
434 1765 603 1807 docebit
632 1766 692 1806 ut.
754 1763 940 1820 Dempta
977 1763 1123 1819 visque
1164 1761 1314 1821 [extra]
1353 1778 1477 1819 posse
1510 1762 1621 1822 [quo]
1662 1765 1706 1807 bi
1739 1799 1747 1807 .
1781 1800 1789 1807 .

266 1846 322 1873 an
345 1865 353 1873 .
376 1865 383 1873 .
408 1846 505 1875 ecce
529 1865 537 1873 .
558 1866 566 1874 .
585 1833 695 1874 visui
714 1866 902 1874 .......
918 1833 972 1887 1¹⁰
994 1865 1001 1873 .
1029 1865 1037 1873 .
1065 1830 1191 1891 ‚Ubi
1211 1831 1396 1886 primum
1416 1846 1623 1888 magnum
1643 1832 1793 1876 ducem

380 1978 401 2002 a
426 1970 470 2002 In
494 1972 663 2011 maryine:
705 1966 780 2002 Soli
811 1966 1003 2003 hominum
1026 1986 1070 1991 —-
1093 1976 1229 2001 nomen
1252 1967 1353 2001 haud
1377 1967 1687 2003 contemnendum
1711 1980 1791 2014 ges-

265 2024 408 2058 serunt:
433 2023 472 2058 id
496 2024 530 2058 d.
559 2023 595 2059 C.
624 2035 652 2058 c.
678 2024 719 2058 A.
748 2025 770 2058 f.
798 2024 835 2066 f.,
862 2023 1015 2058 Traiani
1038 2022 1278 2068 Imperatoris
1310 2023 1422 2058 ductu
1445 2024 1468 2058 l.
1485 2035 1514 2058 c.
1542 2035 1571 2059 e.
1599 2035 1728 2060 caesus
1753 2026 1791 2060 et

262 2079 377 2124 ipsius
401 2079 579 2125 principis
604 2080 654 2114 ad
676 2079 907 2124 triumphum
931 2078 1111 2114 venientis
1127 2090 1201 2114 non
1220 2089 1350 2114 secura
1367 2079 1406 2114 et
1419 2079 1572 2115 laudata
1592 2081 1787 2125 regressio.

376 2135 400 2170 b
426 2138 471 2170 In
494 2139 663 2181 margine:
686 2135 796 2170 Haud
819 2155 864 2160 —-
887 2134 1101 2180 praeteritis
1124 2134 1382 2180 praesentibus
1405 2134 1572 2171 invideri.

379 2240 396 2270 1
422 2236 608 2272 Emendat
631 2235 859 2281 Schopenus:
886 2240 974 2271 dein.

376 2296 396 2327 2
420 2292 558 2328 Rothio
582 2305 618 2338 p.
645 2296 689 2328 23
715 2293 909 2337 sequentia
933 2292 978 2327 de
1004 2291 1198 2327 Germanis
1224 2291 1324 2327 dicta
1347 2291 1530 2328 videntur.

375 2353 396 2383 3
419 2348 478 2384 Ita
502 2347 637 2385 Codex.

373 2407 395 2438 4
419 2404 645 2440 Niebuhrius
671 2405 814 2440 confert
837 2404 986 2440 Sallust.
1011 2403 1177 2449 Iugurth.
1207 2407 1259 2441 18.

263 2496 266 2499 ,
374 2463 395 2495 5
420 2459 594 2506 Sequitur
616 2473 653 2507 p.
680 2465 744 2496 261
770 2472 896 2505 erasa,
929 2460 995 2496 sed
1023 2460 1184 2506 vestigia
1206 2461 1435 2507 respondent
1456 2461 1627 2507 margini.
1676 2463 1786 2500 Hein-

261 2515 398 2551 dorfius
422 2516 588 2562 supplet:
619 2517 716 2553 Nam
741 2518 883 2553 ceteras
909 2516 1059 2562 quidem
1082 2518 1224 2562 gentes,
1251 2528 1346 2563 quae
1371 2517 1633 2564 direptionibus.

373 2575 393 2607 6
417 2571 608 2609 Maximus.

374 2631 394 2663 7
417 2627 536 2663 Maius
561 2629 704 2664 confert
727 2629 834 2665 Dion.
861 2629 898 2665 C.
925 2628 1085 2665 LXVIII.
1113 2633 1167 2665 29.

373 2686 394 2718 8
418 2683 476 2719 Ita
501 2684 602 2729 Cod.,
626 2688 816 2730 fortissima
839 2685 969 2721 Maius.

373 2743 393 2774 9
417 2739 512 2775 Hinc
536 2741 584 2776 ad
607 2741 718 2777 finem
741 2741 903 2787 paginae
935 2742 1020 2777 sunt
1044 2753 1169 2777 versus
1193 2742 1289 2778 XVI.
1326 2745 1452 2780 Maius.

351 2797 393 2829 10
417 2793 591 2839 Sequitur
608 2794 697 2831 Cod.
722 2808 757 2842 p.
777 2800 855 2841 274,
880 2796 919 2831 in
937 2809 1011 2842 qua
1035 2798 1158 2833 omnia
1175 2810 1194 2834 e
1211 2798 1381 2842 margine
1405 2799 1555 2844 praeter
1580 2800 1651 2836 duo
1676 2811 1783 2836 voca-

258 2848 347 2884 bula
370 2849 408 2886 in
431 2850 513 2886 fine.
