1968 3158
231 159 311 201 184
509 157 556 192 M.
574 156 799 192 CORNELII
823 156 1101 192 FRONTONIS
1126 156 1468 194 EPISTULARUM

230 272 355 327 quid¹
386 272 432 312 in
464 270 592 312 simili
623 284 668 312 re
698 269 755 312 M.
787 269 951 312 Tullius
988 275 1067 326 pro'
1097 270 1172 312 L.‘-‘
1204 270 1321 326 Sylla
1352 272 1522 328 egregie
1553 274 1761 315 scribtum
1809 292 1814 297 ·

229 339 422 394 reliquit:
461 352 549 380 non
580 340 629 380 ut
657 353 736 393 par
765 339 860 393 pari
892 336 1124 394 compares,
1158 339 1231 380 sed
1261 341 1310 381 ut
1339 340 1537 382 aestimes
1566 343 1761 383 nostrum

230 407 441 448 mediocre
481 406 706 461 ingenium
736 408 946 461 quantum
977 407 1031 449 ab
1060 406 1134 448 illo
1165 407 1344 449 eximiae
1373 408 1640 463 eloquentiae
1670 409 1760 451 viro

231 475 380 516 abfuat
391 475 419 516 3.

379 553 483 596 XV.
534 553 717 597 Fronto
747 554 987 597 Praecilio
1018 554 1335 609 Pompeiano4
1368 552 1604 599 Salutem.

344 633 506 675 Verum
537 647 587 674 ex
617 648 699 688 me,
731 634 790 675 mi
820 633 1094 689 Pompeiane,
1127 634 1191 676 uti
1222 650 1290 676 res
1321 637 1387 677 est
1417 635 1583 691 audies3
1619 636 1763 679 velim-

231 716 311 757 que
342 704 385 743 te
417 701 524 743 mihi
555 701 750 758 veruml5
782 701 944 743 dicenti
974 703 1102 744 fidem
1121 702 1293 745 habere.
1356 703 1605 746 Orationem
1634 704 1764 746 istam

230 784 307 825 pro
338 768 542 824 Bithynis
582 771 683 811 ante
723 784 886 811 annum
924 770 1015 812 fere
1045 771 1091 814 in
1122 785 1275 813 manus
1306 786 1570 827 sumpseram
1601 774 1644 814 et
1675 787 1762 815 cor-

230 837 371 893 rigere
401 837 689 879 institueram.
732 837 829 879 Tibi
861 838 991 880 etiam
1022 838 1184 881 Romae
1221 841 1325 881 tunc
1357 841 1505 895 agenti
1534 840 1763 883 nonnihil⁶
1829 875 1832 878 ,

231 906 282 947 de
319 906 403 947 ista
442 905 636 947 oratione
665 907 959 961 promiseram.
1020 907 1080 949 Et
1109 907 1304 962 quidem,
1345 908 1381 949 si
1418 910 1533 950 recte
1571 909 1761 964 memini,

232 974 352 1023 cum⁷
376 988 515 1015 sermo
535 973 651 1015 inter
671 988 749 1016 nos
771 974 822 1016 de
852 975 1186 1030 partitionibus8
1215 975 1459 1017 orationum
1488 978 1606 1018 ortus
1637 979 1761 1032 esset,

231 1042 422 1084 dixeram
453 1044 497 1083 et
526 1057 629 1097 prae
659 1057 727 1084 me
757 1045 954 1098 tuleram,
987 1043 1092 1085 satis
1121 1058 1189 1085 me
1221 1043 1453 1099 diligenter
1482 1044 1528 1086 in
1557 1045 1642 1104 ista
1672 1060 1763 1086 ora-

230 1110 348 1152 tione
380 1109 710 1165 coniecturam9,
744 1125 853 1166 quae
874 1111 920 1152 in
943 1111 1121 1153 crimine
1150 1112 1380 1153 mandatae
1411 1112 1552 1154 caedis
1581 1115 1764 1155 vertere-

230 1168 314 1232 tur,
348 1177 540 1219 divisisse
572 1179 839 1234 argumentis
870 1194 919 1221 ac
950 1179 1173 1221 refutasse.
1235 1180 1407 1222 Interea
1437 1169 1665 1224 nervorum
1695 1182 1764 1224 do-

230 1245 295 1287 lor
325 1245 451 1287 solito
482 1245 774 1288 vehementior
803 1261 871 1288 me
901 1247 1074 1302 invasit,
1108 1249 1151 1289 et
1181 1247 1340 1289 diutius
1372 1263 1421 1290 ac
1450 1249 1670 1291 molestius
1701 1264 1765 1291 so-

230 1313 308 1355 lito
345 1315 584 1355 remoratus
621 1316 698 1355 est.
760 1314 853 1357 Nec
897 1329 1071 1370 possum
1116 1329 1196 1371 ego
1232 1315 1434 1357 membris
1474 1317 1764 1359 cruciantibus

231 1395 406 1436 operam
443 1381 576 1423 ullam
613 1382 770 1424 litteris
810 1382 1046 1425 scribendis
1083 1383 1330 1439 legendisve
1373 1384 1639 1440 impendere3
1684 1400 1765 1427 nec

232 1464 435 1504 umquam
464 1449 576 1491 istuc
608 1465 633 1491 a
661 1465 728 1492 me
759 1451 977 1505 postulare
1009 1466 1135 1493 ausus
1167 1467 1273 1493 sum.
1334 1451 1604 1507 Philosophis
1636 1454 1765 1495 etiam

231 1516 423 1559 mirificis
468 1517 714 1560 hominibus
760 1518 1024 1574 dicentibus,
1073 1519 1312 1574 sapientem
1364 1520 1502 1561 virum
1546 1520 1675 1562 etiam
1718 1521 1766 1563 in

232 1584 472 1626 Phalaridis
485 1584 519 1611 ¹⁰
536 1587 660 1627 tauro
680 1586 895 1628 inclusum
918 1587 1094 1629 beatum
1114 1586 1394 1629 nihilominus
1414 1588 1506 1630 fore
1520 1588 1565 1642 ¹¹,
1596 1588 1765 1631 facilius

234 1653 487 1695 crediderim
517 1653 691 1695 beatum
722 1669 818 1696 eum
847 1655 953 1710 fore,
987 1670 1115 1710 quam
1145 1670 1268 1710 posse
1288 1656 1503 1711 tantisper
1525 1657 1766 1699 amburenti

232 1721 279 1763 in
318 1721 455 1763 aheno
494 1721 788 1777 prohoemium
819 1723 1015 1765 meditari
1071 1726 1146 1765 aut
1177 1724 1534 1780 epigrammata¹2
1565 1725 1762 1767 scribere.

233 1788 529 1831 Reconciliata
560 1790 712 1832 deinde
743 1791 849 1833 mihi
879 1791 1011 1847 longo
1049 1793 1147 1847 post
1183 1794 1374 1847 tempore
1406 1793 1624 1835 commoda
1653 1793 1765 1835 vale-

233 1858 382 1899 tudine
429 1857 534 1899 alias
573 1858 643 1914 egi
680 1873 747 1900 res
777 1859 940 1914 potius:
992 1860 1193 1902 adversus
1229 1860 1357 1902 istam
1399 1861 1636 1903 orationem
1667 1861 1765 1903 alie-

234 1927 337 1967 nato
369 1925 511 1967 animo
540 1926 624 1981 fui3
655 1942 736 1968 nec
765 1927 943 1982 pudebit
963 1943 1030 1970 me
1059 1927 1232 1970 fateri¹3
1263 1928 1407 1970 odium
1431 1943 1480 1970 ac
1502 1929 1766 1971 simultatem

237 2026 916 2037 ................
931 1996 983 2049 {¹4
1017 2029 1025 2037 .
1061 2030 1068 2037 .
1104 2029 1113 2037 .
1175 1995 1305 2038 Redit
1343 1996 1478 2052 igitur
1515 1999 1613 2052 post
1643 2012 1766 2053 repu-

350 2079 366 2107 l
394 2072 494 2109 Corr.
522 2067 634 2118 quod(
671 2077 902 2118 Heindorfi'ns.

349 2134 368 2164 2
393 2129 451 2164 Ita
476 2128 610 2164 Codex.
662 2133 790 2165 Maius.

350 2191 370 2221 3
394 2186 453 2220 Ita
484 2185 633 2221 videtur
664 2186 798 2222 Codex.
849 2190 974 2223 Maius.
1025 2187 1209 2233 Hauptius
1242 2189 1280 2223 et
1309 2188 1541 2224 Ecksteinius
1566 2191 1766 2227 emendant

236 2246 386 2286 abludat,
412 2242 492 2277 coll
519 2242 649 2278 Horat.
678 2242 754 2278 Sat
780 2244 982 2287 11‚3‚3·20.

347 2304 369 2334 4
392 2300 447 2334 De
474 2299 607 2334 Saenio
632 2299 860 2345 Pompeiano
884 2300 1086 2344 loquuntur
1111 2301 1291 2346 epistulae
1316 2302 1364 2337 ad
1386 2302 1434 2337 M.
1454 2301 1556 2338 Caes.
1574 2303 1618 2339 V
1638 2308 1692 2339 34.
1711 2309 1766 2340 35.

349 2361 370 2392 5
394 2356 528 2401 Incipit
553 2354 640 2390 Cod.
666 2368 702 2401 p.
730 2360 806 2391 312.

349 2416 369 2447 6
396 2412 537 2448 Codex:
564 2415 714 2447 nonnihil
737 2417 862 2458 agenti.

351 2473 369 2504 7
396 2468 484 2504 Cod.
509 2481 565 2514 pr.
591 2481 639 2503 m.
667 2473 786 2515 quomi.

350 2529 370 2560 8
397 2525 484 2560 Cod.
510 2538 566 2571 pr.
593 2537 639 2560 m.
662 2529 888 2570 par-tionibus.

351 2586 371 2618 9
397 2582 537 2618 Codex:
564 2588 778 2618 coiecturam.

329 2643 370 2675 10
396 2638 537 2674 Codex:
564 2643 753 2675 Phalaridi.

330 2700 368 2730 11
396 2696 440 2731 cf.
462 2691 539 2731 Cic.
566 2696 603 2731 in
627 2697 750 2732 Pison.
779 2700 830 2740 18,
856 2697 956 2732 alibi.
1005 2698 1165 2733 Lactant
1188 2698 1348 2734 Institut.
1375 2699 1438 2734 ΙΙΙ.
1466 2703 1519 2735 27.
1571 2703 1695 2736 Maius.

330 2757 370 2786 12
394 2752 619 2788 Niebuhrius
643 2754 809 2789 malebat
833 2757 1087 2799 epichiremata.

330 2812 371 2843 13
397 2808 484 2843 Cod.
511 2821 567 2854 pr.
594 2822 641 2844 m.
665 2813 792 2854 fratre.

332 2868 373 2899 14
398 2863 571 2910 Sequitur
580 2865 668 2902 Cod.
677 2879 713 2911 p.
725 2871 801 2911 311,
809 2879 905 2912 quae
911 2867 1054 2904 interiit
1059 2868 1211 2913 praeter
1216 2879 1338 2914 pauca
1345 2868 1574 2914 quaedamin
1581 2870 1760 2916 margine.
