1968 3158
262 138 317 185 94
544 140 591 176 M.
613 139 837 176 CORNELII
862 134 1138 176 FRONTONIS
1162 134 1502 178 EPISTULARUM

553 344 645 399 (M.
679 346 1041 401 CORNELII
1068 329 1498 403 FRoNToNJs

283 435 732 507 EPISTULARUM
767 460 853 508 AD
889 460 1275 509 ANTONINUM
1309 462 1767 527 IMPERATOREM

882 571 944 606 ET
970 569 1174 607 INVICEM

830 663 865 704 L
892 663 914 705 I
942 662 979 703 Β
1009 662 1046 704 Ε
1074 662 1114 704 R
1162 663 1217 719 I.)

790 820 833 864 Ι.
874 821 1102 875 Magistro
1132 822 1248 865 Meo.

373 910 543 953 Bonum
572 907 746 967 annum,
779 913 936 954 bonam
974 912 1169 967 salutem,
1210 913 1368 954 bonam
1405 913 1624 955 fortunam
1660 915 1786 969 peto¹

261 995 285 1020 a
315 980 378 1021 dis
409 980 475 1021 die
505 979 610 1021 mihi
642 980 835 1022 sollemni
853 980 989 1022 natali
1019 983 1108 1035 tuo,
1143 983 1462 1036 compotemque
1491 996 1559 1024 me
1588 982 1677 1024 voti
1697 983 1788 1024 fore

262 1047 447 1088 confido:
478 1062 580 1089 nam
610 1058 736 1103 quem
767 1042 919 1103 sponte
950 1048 1017 1090 dei
1047 1048 1203 1090 iuvisse
1233 1049 1395 1104 volunt,
1430 1051 1472 1091 et
1502 1050 1681 1105 dignum
1709 1065 1788 1105 ope

230 1130 337 1164 >sua
380 1115 586 1170 iudicant,
633 1130 729 1157 eum
776 1116 1023 1158 commendo
1064 1116 1327 1172 benignitati
1372 1131 1529 1159 eorum.
1590 1117 1655 1159 Tu
1693 1132 1789 1159 cum

262 1183 344 1224 alia
373 1183 606 1238 laetabilia,
638 1183 698 1224 mi
727 1184 947 1239 magister,
987 1184 1034 1225 in
1072 1186 1147 1225 tuo
1178 1184 1321 1226 animo
1350 1185 1460 1226 festo
1492 1185 1558 1226 die
1589 1186 1785 1241 agitavis,

260 1253 485 1292 numerato
517 1251 630 1306 apud
659 1253 702 1293 te
740 1252 811 1306 qui
842 1253 885 1293 te
916 1251 1037 1293 valde
1069 1251 1275 1306 diligant:
1313 1253 1360 1293 in
1397 1252 1449 1293 iis
1487 1253 1637 1307 primis
1673 1253 1789 1294 hunc
1838 1293 1844 1294 ff

260 1320 382 1359 tuum
412 1318 666 1373 discipulum
696 1319 865 1373 ponito,
904 1319 1012 1360 im'bi
1046 1319 1278 1361 Dominum
1307 1334 1449 1361 meum
1478 1321 1676 1375 fratrem,
1710 1321 1788 1363 πά-

261 1390 322 1428 θει
353 1387 590 1439 φιλοῦν-τά(
620 1401 663 1430 (ε
694 1387 962 1440 ἀνθρώπους.
1023 1386 1144 1441 Vale,
1178 1389 1220 1428 et
1249 1387 1510 1442 perennem2
1538 1388 1684 1430 multis
1715 1403 1788 1430 an-

261 1453 328 1495 nis
359 1453 516 1494 bonam
545 1443 848 1509 valetudinem,
887 1455 947 1496 mi
976 1455 1182 1510 magister
1217 1455 1390 1510 optime,
1430 1455 1688 1497 laetissimus
1725 1456 1788 1498 in-

263 1520 508 1562 columitate
546 1521 678 1576 filiae,
719 1524 937 1577 nepotum,
985 1522 1146 1577 generi.
1207 1521 1366 1564 Nostra
1402 1522 1608 1564 Faustina
1651 1523 1790 1565 reficit

262 1588 504 1630 sanitatem.
584 1588 731 1630 Pullus
775 1592 922 1631 noster
973 1589 1221 1631 Antoninus
1269 1589 1409 1644 aliquo
1458 1590 1596 1632 lenius
1640 1591 1787 1632 tussit:

262 1658 470 1710 quantum
501 1657 679 1711 quisque
709 1657 756 1697 in
786 1657 933 1699 nidulo
963 1660 1110 1698 nostro
1139 1657 1226 1698 iam
1257 1657 1383 1712 sapit,
1423 1659 1595 1699 tantum
1630 1672 1708 1712 pro
1745 1660 1788 1700 te

261 1726 500 1778 praecatur.
560 1724 722 1765 Iterum
761 1726 887 1779 atque
925 1725 1081 1767 iterum
1121 1725 1348 1782 acl3porro
1384 1725 1430 1766 in
1464 1724 1640 1780 longam
1670 1740 1787 1767 86116-

264 1793 377 1832 ctam
407 1792 515 1832 bene
546 1792 653 1846 vale,
686 1792 991 1834 iucundissime
1021 1793 1240 1847 magister.
1288 1792 1392 1834 Peto
1424 1808 1448 1834 a
1477 1795 1520 1834 te
1540 1818 1597 1824 —-
1617 1793 1691 1835 sed
1710 1794 1787 1835 im-

262 1861 479 1913 petratum
509 1860 566 1900 sit
596 1885 652 1891 ——
681 1875 736 1901 ne
767 1862 822 1901 te*
849 1860 902 1901 ob
941 1860 1053 1902 diem
1089 1861 1278 1902 natalem
1311 1860 1587 1903 Cornificiae4
1615 1860 1788 1902 Lorium

262 1941 400 1968 vexeS.
451 1926 528 1968 Dis
558 1927 799 1969 volentibus
821 1927 983 1969 Romae
1012 1928 1160 1983 paucis
1191 1929 1338 1975 diebus
1369 1943 1446 1970 nos
1476 1929 1652 1971 videbis.
1705 1928 1788 1971 Sed

263 1998 359 2049 post
390 1995 500 2036 diem
530 1996 720 2037 natalem
749 1998 885 2049 tuum,
918 1996 954 2036 si
983 2010 1051 2037 1116
1082 2011 1212 2050 amas,
1245 2010 1330 2037 nox
1360 2011 1468 2051 quae
1499 1997 1689 2051 sequitur
1716 1997 1787 2038 fac

263 2063 348 2103 iam
386 2063 551 2118 placide
590 2064 782 2118 quiescas
821 2063 912 2104 sine
942 2063 1069 2104 ullius
1098 2063 1303 2106 instantis
1341 2064 1472 2106 officii
1512 2064 1785 2119 cogitatione.

263 2130 357 2171 Hoc
388 2131 611 2172 Antonino
641 2133 715 2172 tuo
746 2131 800 2172 da
830 2130 1010 2172 sollicite
1041 2132 1108 2172 et⁵
1139 2146 1237 2173 vere
1265 2133 1468 2186 petentei.

610 2242 680 2286 ΙΙ.
729 2241 970 2287 Antonino
999 2242 1216 2297 Augusto
1246 2243 1442 2287 Fronto.

378 2334 478 2377 Seni
509 2334 609 2376 huic
640 2337 702 2390 et,
743 2337 791 2376 ut
827 2337 876 2376 tu
906 2334 1116 2390 appellas,
1156 2335 1362 2390 magistro
1399 2337 1473 2376 tuo
1511 2334 1624 2376 bona
1659 2334 1786 2390 salus,

264 2402 401 2445 bonus
433 2418 584 2458 annus,
617 2368 730 2444 boria
759 2403 947 2458 fortuna,
980 2417 1046 2444 res
1077 2403 1214 2444 omnis
1227 2370 1376 2444 z:bonaz
1408 2417 1515 2458 quae
1544 2405 1592 2444 tu
1623 2404 1786 2458 scribis,

382 2566 398 2596 1
426 2561 513 2596 Cod.
540 2573 595 2607 pr.
622 2572 670 2596 m.
693 2569 812 2606 poeta.

378 2623 397 2652 2
422 2618 622 2663 Hauptius:
645 2632 800 2662 perenna
823 2632 863 2653 m.
890 2631 921 2652 a.
949 2620 1035 2653 bona
1060 2621 1260 2654 valetudine.

379 2679 399 2709 3
423 2674 557 2719 Incipit
581 2673 669 2709 Cod.
695 2672 779 2709 Vat.
806 2687 841 2719 p.
861 2678 914 2709 98.

378 2734 399 2764 4
422 2731 539 2765 Maius
567 2731 697 2765 laudat
727 2731 882 2766 Dionem
915 2730 1078 2766 Cassium
1114 2730 1151 2765 in
1186 2730 1295 2765 titulo
1327 2729 1372 2764 de
1403 2729 1609 2774 sententiis,
1648 2727 1729 2766 Vol.
1755 2728 1789 2766 V

265 2796 300 2831 p.
320 2790 386 2821 214
409 2785 575 2822 Dindorf.

380 2846 400 2877 5
425 2842 512 2877 Cod.
538 2855 594 2887 pr.
620 2854 667 2877 m.
692 2848 859 2879 sollicitet.
