1968 3158
487 146 552 183 ΑΙ)
582 146 630 182 M.
657 145 950 182 ANTONINUM
976 144 1038 181 DE
1063 142 1385 219 {QoQUENTIA
1628 142 1707 184 145

169 276 348 305 numero
379 261 615 304 curandum
648 261 693 304 in
723 260 894 304 theatro
925 274 1094 303 crocum
1126 260 1254 315 longe
1284 258 1422 314 adque
1452 257 1539 300 alte
1569 256 1707 311 expri-

171 330 337 374 matur¹
374 363 699 372 ........
734 329 791 385 1².
827 363 836 372 .
871 363 881 372 .
917 363 926 372 .
988 329 1206 385 Diogenes
1237 326 1424 383 Cynicus
1464 340 1552 368 non
1583 324 1708 367 modo

170 398 334 441 nullam
365 398 594 454 pecuniam
624 397 855 454 quaesivit,
895 397 969 440 sed
1000 398 1130 439 etiam
1168 395 1385 452 propriam
1425 394 1619 450 neglexit
1651 425 1660 435 .
1697 425 1705 434 .

172 498 768 511 ..............
782 464 1706 521 ³udaqueeatipa..i........

170 536 318 577 mensa
348 537 392 577 et
421 536 520 590 part
553 566 741 577 .....
775 532 967 575 ⁴familia
1003 534 1051 575 tu
1093 565 1101 574 .
1138 565 1146 574 .
1183 566 1191 574 .
1233 532 1343 574 vasit
1382 531 1524 573 famae
1565 563 1573 572 .
1607 563 1615 572 .
1653 562 1661 571 .
1698 561 1706 570 .

170 617 248 644 usa
281 593 334 645 .‘.
397 602 572 644 Socrate
604 633 885 644 .......
919 600 1156 656 sapientior
1189 633 1424 642 ......
1436 599 1453 624 ⁵
1482 597 1615 640 dianii
1653 630 1660 638 .
1698 630 1706 638 .

173 704 182 712 .
218 703 406 714 .....
446 669 665 712 doabunse
697 700 932 711 ......
974 683 1127 711 vocare
1162 701 1397 711 ......
1430 667 1520 709 dat.
1562 700 1570 708 .
1608 700 1616 709 .
1653 699 1661 708 .
1699 698 1707 707 .

285 807 320 862 1⁶
350 805 619 848 Immortales
651 805 829 848 seirint⁷
872 805 1093 848 comitium
1132 807 1176 847 et
1214 806 1354 846 rostra
1394 805 1438 845 et
1475 802 1711 845 tribunalia

172 872 349 916 Catonis
381 875 425 916 et
447 873 633 916 Gracchi
665 875 708 916 et
730 873 950 916 Ciceronis
981 872 1248 915 orationibus
1280 864 1499 914 celebrata
1527 871 1608 913 hoc
1639 885 1710 925 po-

172 941 388 983 tissimum
425 942 597 984 saec'ulo
636 940 947 984 conticiscere?
990 941 1136 982 orbem
1166 942 1331 995 terrae,
1371 954 1498 995 quem
1520 939 1710 981 vocalem

171 1010 429 1065 acceperis⁸‚
462 1011 655 1052 mutum9
687 1025 712 1052 a
741 1011 786 1052 te
815 1008 942 1052 fieri?

285 1077 330 1120 Si
351 1077 546 1134 linguam
576 1078 671 1134 quis
700 1077 777 1120 uni
807 1076 973 1119 homini
1004 1079 1152 1119 execet
1165 1077 1211 1132 ¹⁰,
1244 1075 1446 1119 immanis
1478 1075 1710 1129 habeatur3

171 1145 502 1201 eloquentiam¹¹
526 1146 715 1188 humano
735 1146 885 1202 generi
917 1145 1107 1188 exsecari
1127 1145 1339 1187 mediocre
1359 1144 1531 1186 facinus
1552 1142 1712 1199 putas?

171 1213 271 1256 Non
316 1214 432 1257 hunc
471 1214 772 1257 adnumeras¹²
811 1214 947 1257 Tereo
985 1216 1060 1256 aut
1097 1213 1327 1269 Lycurgo?
1375 1213 1447 1268 qui
1493 1212 1711 1267 Lycurgus

171 1281 273 1337 quid
302 1283 477 1325 tandem
507 1282 610 1325 mali
639 1274 845 1333 facinoris
876 1282 1063 1336 admisit,
1096 1282 1270 1338 quom¹3
1300 1281 1408 1324 vites
1439 1278 1712 1336 amputavit?

170 1349 320 1392 Multis
349 1351 543 1406 profecto
574 1351 778 1407 gentibus
809 1365 860 1392 ac
889 1350 1139 1392 nationibus
1177 1349 1410 1406 profuisset
1447 1349 1596 1391 vinum
1634 1363 1711 1389 un-

171 1417 299 1473 dique
329 1419 527 1474 gentium
558 1419 892 1471 exterminatum
902 1427 932 1461 ³.

285 1485 448 1529 Tamen
487 1487 709 1543 Lycurgus
753 1501 915 1543 poenas
960 1501 1180 1529 caesarum
1226 1487 1378 1529 vitium
1417 1485 1510 1527 luit.
1571 1483 1712 1534 Quare

171 1555 445 1597 metuendam
485 1566 636 1598 censeo
676 1555 882 1598 divinitus
926 1570 1110 1611 poenam
1149 1554 1417 1610 eloquentiae
1455 1553 1711 1595 extermina-

276 1692 309 1715 ,α
334 1683 377 1715 In
402 1684 572 1725 mamine:
597 1679 635 1715 Si
659 1680 682 1716 l.
710 1691 744 1725 q.
772 1679 836 1715 uni
860 1679 1002 1715 homini
1027 1709 1034 1715 .
1063 1709 1070 1715 .
1100 1708 1107 1715 .
1139 1680 1238 1715 secet
1267 1679 1290 1713 i.
1315 1678 1402 1714 hab.
1435 1679 1477 1713 ut
1501 1677 1652 1718 Tereus,
1678 1677 1708 1711 si

171 1736 285 1772 vitem
321 1738 363 1771 ut
397 1736 592 1782 Licurgus;
636 1738 675 1772 et
709 1737 836 1772 tamen
875 1736 966 1781 quid
1002 1737 1091 1772 mali
1128 1737 1196 1772 fac.
1236 1736 1334 1771 adm.
1374 1735 1476 1780 quod
1515 1747 1547 1771 v.
1586 1738 1709 1779 amp?

171 1793 296 1828 Multis
321 1794 421 1838 gent.
448 1794 618 1839 profecto
643 1794 682 1828 et
705 1793 831 1828 vinum
855 1793 1018 1838 undique
1051 1792 1219 1838 gentium
1250 1791 1522 1827 exterminavit.

287 1902 303 1932 1
330 1897 385 1933 Dc
411 1895 510 1932 croci
533 1907 602 1931 usu
625 1896 836 1942 voluptario
862 1895 1002 1930 Plinius
1026 1895 1070 1930 H.
1097 1895 1141 1931 N.
1168 1894 1263 1930 XXI.
1290 1898 1322 1939 6,
1347 1893 1526 1940 Apuleius
1556 1893 1706 1929 Metam.

174 1954 217 1990 X.
244 1954 311 1990 Ed.
337 1954 432 1989 Elm.
458 1966 493 1999 p.
520 1957 598 1989 255.
650 1956 776 1991 Maius,

286 2015 306 2046 2
331 2009 507 2055 Sequitur
531 2009 620 2046 eod.
646 2022 682 2055 p.
709 2012 792 2053 398,
830 2009 1004 2053 evanida,
1041 2009 1192 2055 praeter
1217 2019 1262 2044 ea
1287 2019 1382 2052 quae
1408 2020 1428 2043 e
1453 2007 1623 2052 margine
1649 2007 1709 2042 dc-

174 2067 399 2114 scripsimus.

287 2129 308 2160 3
332 2124 375 2159 In
399 2125 470 2160 fine
496 2123 690 2159 columnae
714 2123 860 2170 prioris,

285 2185 307 2216 4
331 2181 441 2217 Initio
467 2181 660 2217 columnae
685 2180 848 2216 alterius.
898 2205 901 2208 -

287 2243 308 2274 5
332 2238 374 2273 In
397 2237 473 2274 ima
496 2238 646 2284 pagina.

287 2300 308 2331 6
332 2295 468 2341 Incipit
491 2294 580 2330 Cod.
611 2307 646 2340 p.
674 2297 752 2330 397.

287 2356 306 2388 7
332 2353 390 2387 lta
414 2351 555 2396 Codext,
578 2351 717 2386 Maius:
748 2354 806 2386 dei
827 2355 976 2387 siverint.
1027 2350 1211 2396 Hauptius
1237 2349 1383 2385 scribit:
1420 2352 1630 2384 Immortales
1655 2352 1712 2384 dei

174 2422 215 2444 ne
238 2412 371 2444 seir-int.

285 2469 307 2501 8
330 2465 400 2500 Hic
424 2465 462 2500 ni
485 2464 595 2500 fallor
620 2465 790 2510 apparet,
815 2464 1019 2510 epistolam
1037 2464 1215 2510 scriptam
1239 2475 1320 2499 esse
1345 2463 1393 2498 ad
1411 2463 1457 2498 M.
1478 2463 1704 2497 Antoninum

174 2514 378 2567 iansImp„
404 2532 478 2556 non
502 2521 552 2556 ad
574 2521 623 2557 M.
650 2520 866 2570 Caesarem,
892 2523 933 2556 ut
959 2522 1075 2557 voluit
1099 2521 1231 2556 Maius.

288 2582 308 2613 9
334 2577 474 2614 Codex:
500 2585 654 2614 mutuum.

266 2638 309 2670 10
332 2634 391 2669 Ita
415 2633 550 2678 Codex,
575 2645 649 2670 non
673 2642 824 2672 eoesecec.

268 2695 306 2726 11
334 2690 476 2726 Codex:
504 2694 707 2737 eloquentia.

267 2751 308 2783 12
334 2747 372 2783 C.
390 2748 431 2784 F.
450 2747 509 2783 W.
527 2747 705 2782 Mullerus
730 2748 768 2782 in
794 2747 924 2782 Annal.
952 2746 1179 2782 Fleckeiseni
1204 2746 1320 2781 XCIII
1344 2759 1378 2792 p.
1403 2749 1488 2781 491:
1514 2749 1708 2784 adsimulo&

174 2804 255 2840 coll.
281 2805 396 2840 Laud.
424 2804 516 2840 fumi
542 2805 580 2840 et
603 2805 700 2851 pulv.

268 2866 308 2898 13
334 2861 475 2898 Codex:
502 2875 610 2908 quam.

222 2943 356 2968 nour.
374 2944 420 2966 ετ
438 2943 575 2967 Aurum.
597 2943 716 2968 EPIST.
1387 2920 1439 2962 10
