<?xml version="1.0" encoding="UTF-8"?>
<!DOCTYPE html PUBLIC "-//W3C//DTD XHTML 1.0 Transitional//EN"
    "http://www.w3.org/TR/xhtml1/DTD/xhtml1-transitional.dtd">
<html xmlns="http://www.w3.org/1999/xhtml" xml:lang="en" lang="en">
 <head>
  <title>
</title>
<meta http-equiv="Content-Type" content="text/html;charset=utf-8" />
  <meta name='ocr-system' content='tesseract 3.04.00' />
  <meta name='ocr-capabilities' content='ocr_page ocr_carea ocr_par ocr_line ocrx_word'/>
</head>
<body>
  <div class='ocr_page' id='page_1' title='image "./mcorneliifronton00fronuoft_0029.png"; bbox 0 0 1968 3158; ppageno 0'>
   <div class='ocr_carea' id='block_1_1' title="bbox 768 103 1776 174">
    <p class='ocr_par' dir='ltr' id='par_1_1' title="bbox 768 103 1776 174">
     <span class='ocr_line' id='line_1_1' title="bbox 768 103 1776 174; baseline 0.009 -8"><span class='ocrx_word' id='word_1_1' title='bbox 768 128 1146 166; x_wconf 82' lang='lat' dir='ltr'>PROLEGOMENA.</span> <span class='ocrx_word' id='word_1_2' title='bbox 1637 144 1735 174; x_wconf 84' lang='lat' dir='ltr'>XXV</span> <span class='ocrx_word' id='word_1_3' title='bbox 1773 103 1776 106; x_wconf 16' lang='grc' dir='ltr'><strong><em>Δ</em></strong></span> 
     </span>
    </p>
   </div>
   <div class='ocr_carea' id='block_1_2' title="bbox 193 246 1733 306">
    <p class='ocr_par' dir='ltr' id='par_1_2' title="bbox 193 246 1733 306">
     <span class='ocr_line' id='line_1_2' title="bbox 193 246 1733 306; baseline -0.002 -15"><span class='ocrx_word' id='word_1_4' title='bbox 193 247 312 291; x_wconf 88' lang='lat' dir='ltr'>cellis</span> <span class='ocrx_word' id='word_1_5' title='bbox 343 247 540 306; x_wconf 78' lang='lat' dir='ltr'>degeret3</span> <span class='ocrx_word' id='word_1_6' title='bbox 572 247 668 290; x_wconf 90' lang='lat' dir='ltr'>vide</span> <span class='ocrx_word' id='word_1_7' title='bbox 699 247 789 289; x_wconf 89' lang='lat' dir='ltr'>eius</span> <span class='ocrx_word' id='word_1_8' title='bbox 820 247 1078 302; x_wconf 82' lang='lat' dir='ltr'>rescriptum</span> <span class='ocrx_word' id='word_1_9' title='bbox 1110 246 1164 301; x_wconf 85' lang='lat' dir='ltr'>V,</span> <span class='ocrx_word' id='word_1_10' title='bbox 1197 246 1267 289; x_wconf 84' lang='lat'>59.</span> <span class='ocrx_word' id='word_1_11' title='bbox 1307 246 1467 290; x_wconf 82' lang='lat' dir='ltr'>Caesar</span> <span class='ocrx_word' id='word_1_12' title='bbox 1497 249 1733 302; x_wconf 85' lang='lat' dir='ltr'>occupatus</span> 
     </span>
    </p>
   </div>
   <div class='ocr_carea' id='block_1_3' title="bbox 99 315 1736 369">
    <p class='ocr_par' dir='ltr' id='par_1_3' title="bbox 99 315 1736 369">
     <span class='ocr_line' id='line_1_3' title="bbox 99 315 1736 369; baseline -0.001 -9"><span class='ocrx_word' id='word_1_13' title='bbox 99 317 106 323; x_wconf 89' lang='lat'>&#39;</span> <span class='ocrx_word' id='word_1_14' title='bbox 192 319 259 360; x_wconf 87' lang='lat' dir='ltr'>est</span> <span class='ocrx_word' id='word_1_15' title='bbox 286 317 334 360; x_wconf 91' lang='lat' dir='ltr'>in</span> <span class='ocrx_word' id='word_1_16' title='bbox 363 316 555 369; x_wconf 71' lang='grc' dir='ltr'>γνώμαις</span> <span class='ocrx_word' id='word_1_17' title='bbox 588 316 888 359; x_wconf 73' lang='lat' dir='ltr'>convertendis</span> <span class='ocrx_word' id='word_1_18' title='bbox 926 318 971 358; x_wconf 91' lang='lat' dir='ltr'>et</span> <span class='ocrx_word' id='word_1_19' title='bbox 1006 316 1051 358; x_wconf 89' lang='lat' dir='ltr'>in</span> <span class='ocrx_word' id='word_1_20' title='bbox 1093 315 1366 358; x_wconf 80' lang='lat' dir='ltr'>elaborandis</span> <span class='ocrx_word' id='word_1_21' title='bbox 1403 315 1508 358; x_wconf 91' lang='lat' dir='ltr'>locis</span> <span class='ocrx_word' id='word_1_22' title='bbox 1549 331 1736 359; x_wconf 88' lang='lat' dir='ltr'>commu-</span> 
     </span>
    </p>
   </div>
   <div class='ocr_carea' id='block_1_4' title="bbox 191 385 1739 1684">
    <p class='ocr_par' dir='ltr' id='par_1_4' title="bbox 191 385 1675 442">
     <span class='ocr_line' id='line_1_4' title="bbox 191 385 1675 442; baseline 0 -14"><span class='ocrx_word' id='word_1_23' title='bbox 191 386 334 428; x_wconf 81' lang='lat' dir='ltr'>nibus.</span> <span class='ocrx_word' id='word_1_24' title='bbox 397 385 589 428; x_wconf 86' lang='lat' dir='ltr'>Conatur</span> <span class='ocrx_word' id='word_1_25' title='bbox 628 386 885 441; x_wconf 85' lang='lat' dir='ltr'>persuadere</span> <span class='ocrx_word' id='word_1_26' title='bbox 915 385 1127 440; x_wconf 88' lang='lat' dir='ltr'>magistro</span> <span class='ocrx_word' id='word_1_27' title='bbox 1167 400 1212 427; x_wconf 88' lang='lat' dir='ltr'>se</span> <span class='ocrx_word' id='word_1_28' title='bbox 1243 400 1335 442; x_wconf 86' lang='lat' dir='ltr'>esse</span> <span class='ocrx_word' id='word_1_29' title='bbox 1365 386 1489 428; x_wconf 88' lang='lat' dir='ltr'>multi</span> <span class='ocrx_word' id='word_1_30' title='bbox 1522 385 1675 428; x_wconf 89' lang='lat' dir='ltr'>somni.</span> 
     </span>
    </p>

    <p class='ocr_par' dir='ltr' id='par_1_5' title="bbox 191 454 1739 1546">
     <span class='ocr_line' id='line_1_5' title="bbox 306 454 1735 510; baseline 0 -12"><span class='ocrx_word' id='word_1_31' title='bbox 306 454 438 498; x_wconf 91' lang='lat' dir='ltr'>Anno</span> <span class='ocrx_word' id='word_1_32' title='bbox 480 454 560 498; x_wconf 88' lang='grc'>142</span> <span class='ocrx_word' id='word_1_33' title='bbox 598 455 726 497; x_wconf 88' lang='lat' dir='ltr'>datae</span> <span class='ocrx_word' id='word_1_34' title='bbox 757 456 872 509; x_wconf 83' lang='lat' dir='ltr'>sunt,</span> <span class='ocrx_word' id='word_1_35' title='bbox 921 456 970 495; x_wconf 89' lang='lat' dir='ltr'>ut</span> <span class='ocrx_word' id='word_1_36' title='bbox 1008 454 1204 509; x_wconf 82' lang='lat' dir='ltr'>equidem</span> <span class='ocrx_word' id='word_1_37' title='bbox 1249 454 1462 510; x_wconf 84' lang='lat' dir='ltr'>existimo,</span> <span class='ocrx_word' id='word_1_38' title='bbox 1503 454 1735 498; x_wconf 87' lang='lat' dir='ltr'>Frontonis</span> 
     </span>
     <span class='ocr_line' id='line_1_6' title="bbox 193 522 1732 592; baseline 0 -26"><span class='ocrx_word' id='word_1_39' title='bbox 193 524 463 592; x_wconf 77' lang='lat' dir='ltr'>aegrotantis</span> <span class='ocrx_word' id='word_1_40' title='bbox 495 523 702 579; x_wconf 90' lang='lat' dir='ltr'>epistolae</span> <span class='ocrx_word' id='word_1_41' title='bbox 721 522 775 578; x_wconf 82' lang='lat' dir='ltr'>V,</span> <span class='ocrx_word' id='word_1_42' title='bbox 799 523 869 565; x_wconf 88' lang='grc'>40.</span> <span class='ocrx_word' id='word_1_43' title='bbox 902 522 958 564; x_wconf 86' lang='grc'>42</span> <span class='ocrx_word' id='word_1_44' title='bbox 991 537 1086 564; x_wconf 82' lang='grc'><strong>611111</strong></span> <span class='ocrx_word' id='word_1_45' title='bbox 1110 522 1304 566; x_wconf 77' lang='lat' dir='ltr'>Caesaris</span> <span class='ocrx_word' id='word_1_46' title='bbox 1337 524 1559 580; x_wconf 71' lang='lat' dir='ltr'>rescriptis</span> <span class='ocrx_word' id='word_1_47' title='bbox 1590 523 1643 578; x_wconf 89' lang='lat' dir='ltr'>V,</span> <span class='ocrx_word' id='word_1_48' title='bbox 1662 524 1732 566; x_wconf 89' lang='grc'>41.</span> 
     </span>
     <span class='ocr_line' id='line_1_7' title="bbox 191 591 1736 647; baseline -0.001 -11"><span class='ocrx_word' id='word_1_49' title='bbox 191 593 261 636; x_wconf 85' lang='grc'>43.</span> <span class='ocrx_word' id='word_1_50' title='bbox 303 593 397 636; x_wconf 83' lang='lat' dir='ltr'>Iam</span> <span class='ocrx_word' id='word_1_51' title='bbox 426 594 556 636; x_wconf 88' lang='lat' dir='ltr'>natae</span> <span class='ocrx_word' id='word_1_52' title='bbox 587 594 688 635; x_wconf 87' lang='lat' dir='ltr'>sunt</span> <span class='ocrx_word' id='word_1_53' title='bbox 715 591 862 634; x_wconf 84' lang='lat' dir='ltr'>Marco</span> <span class='ocrx_word' id='word_1_54' title='bbox 893 592 1002 634; x_wconf 83' lang='lat' dir='ltr'>duae</span> <span class='ocrx_word' id='word_1_55' title='bbox 1033 591 1168 647; x_wconf 80' lang='lat' dir='ltr'>filiae3</span> <span class='ocrx_word' id='word_1_56' title='bbox 1199 592 1360 635; x_wconf 84' lang='lat' dir='ltr'>Fronto</span> <span class='ocrx_word' id='word_1_57' title='bbox 1391 595 1536 635; x_wconf 87' lang='lat' dir='ltr'>autem</span> <span class='ocrx_word' id='word_1_58' title='bbox 1565 593 1736 635; x_wconf 89' lang='lat' dir='ltr'>laborat</span> 
     </span>
     <span class='ocr_line' id='line_1_8' title="bbox 192 660 1736 719; baseline 0 -15"><span class='ocrx_word' id='word_1_59' title='bbox 192 662 386 719; x_wconf 86' lang='lat' dir='ltr'>podagra</span> <span class='ocrx_word' id='word_1_60' title='bbox 431 663 475 704; x_wconf 92' lang='lat' dir='ltr'>et</span> <span class='ocrx_word' id='word_1_61' title='bbox 513 661 564 703; x_wconf 91' lang='grc'>(16</span> <span class='ocrx_word' id='word_1_62' title='bbox 609 675 817 717; x_wconf 85' lang='lat' dir='ltr'>aquarum</span> <span class='ocrx_word' id='word_1_63' title='bbox 864 676 943 703; x_wconf 91' lang='lat' dir='ltr'>usu</span> <span class='ocrx_word' id='word_1_64' title='bbox 981 660 1206 703; x_wconf 87' lang='lat' dir='ltr'>deliberat.</span> <span class='ocrx_word' id='word_1_65' title='bbox 1275 661 1393 704; x_wconf 90' lang='lat' dir='ltr'>Hinc</span> <span class='ocrx_word' id='word_1_66' title='bbox 1443 662 1637 717; x_wconf 89' lang='lat' dir='ltr'>suspicor</span> <span class='ocrx_word' id='word_1_67' title='bbox 1682 662 1736 704; x_wconf 90' lang='lat' dir='ltr'>ad</span> 
     </span>
     <span class='ocr_line' id='line_1_9' title="bbox 193 729 1732 786; baseline 0 -13"><span class='ocrx_word' id='word_1_68' title='bbox 193 730 376 774; x_wconf 88' lang='lat' dir='ltr'>eundem</span> <span class='ocrx_word' id='word_1_69' title='bbox 412 745 576 772; x_wconf 88' lang='lat' dir='ltr'>annum</span> <span class='ocrx_word' id='word_1_70' title='bbox 611 730 763 772; x_wconf 88' lang='lat' dir='ltr'>referri</span> <span class='ocrx_word' id='word_1_71' title='bbox 802 729 956 772; x_wconf 88' lang='lat' dir='ltr'>debere</span> <span class='ocrx_word' id='word_1_72' title='bbox 1003 729 1167 785; x_wconf 83' lang='lat' dir='ltr'>priores</span> <span class='ocrx_word' id='word_1_73' title='bbox 1207 730 1413 785; x_wconf 76' lang='lat' dir='ltr'>epistolas</span> <span class='ocrx_word' id='word_1_74' title='bbox 1451 731 1581 786; x_wconf 86' lang='lat' dir='ltr'>primi</span> <span class='ocrx_word' id='word_1_75' title='bbox 1618 731 1732 773; x_wconf 90' lang='lat' dir='ltr'>libri.</span> 
     </span>
     <span class='ocr_line' id='line_1_10' title="bbox 193 797 1735 855; baseline -0.001 -13"><span class='ocrx_word' id='word_1_76' title='bbox 193 798 371 842; x_wconf 85' lang='lat' dir='ltr'>Scilicet</span> <span class='ocrx_word' id='word_1_77' title='bbox 406 799 666 855; x_wconf 86' lang='lat' dir='ltr'>respondere</span> <span class='ocrx_word' id='word_1_78' title='bbox 703 799 874 841; x_wconf 88' lang='lat' dir='ltr'>videtur</span> <span class='ocrx_word' id='word_1_79' title='bbox 912 797 1070 842; x_wconf 87' lang='lat' dir='ltr'>Caesar</span> <span class='ocrx_word' id='word_1_80' title='bbox 1115 813 1165 840; x_wconf 92' lang='lat' dir='ltr'>ea</span> <span class='ocrx_word' id='word_1_81' title='bbox 1205 798 1408 854; x_wconf 82' lang='lat' dir='ltr'>epistola,</span> <span class='ocrx_word' id='word_1_82' title='bbox 1460 814 1570 855; x_wconf 90' lang='lat' dir='ltr'>quae</span> <span class='ocrx_word' id='word_1_83' title='bbox 1610 800 1735 842; x_wconf 90' lang='lat' dir='ltr'>nobis</span> 
     </span>
     <span class='ocr_line' id='line_1_11' title="bbox 193 867 1735 924; baseline 0 -14"><span class='ocrx_word' id='word_1_84' title='bbox 193 869 259 910; x_wconf 87' lang='lat' dir='ltr'>est</span> <span class='ocrx_word' id='word_1_85' title='bbox 296 867 340 923; x_wconf 99' lang='grc' dir='ltr'>Ι,</span> <span class='ocrx_word' id='word_1_86' title='bbox 381 868 430 923; x_wconf 92' lang='grc'>2,</span> <span class='ocrx_word' id='word_1_87' title='bbox 477 882 556 924; x_wconf 90' lang='lat' dir='ltr'>pro</span> <span class='ocrx_word' id='word_1_88' title='bbox 603 883 688 924; x_wconf 88' lang='lat' dir='ltr'>qua</span> <span class='ocrx_word' id='word_1_89' title='bbox 733 869 883 923; x_wconf 88' lang='lat' dir='ltr'>utpote</span> <span class='ocrx_word' id='word_1_90' title='bbox 921 869 1118 910; x_wconf 89' lang='lat' dir='ltr'>amanter</span> <span class='ocrx_word' id='word_1_91' title='bbox 1163 868 1326 923; x_wconf 89' lang='lat' dir='ltr'>scripta</span> <span class='ocrx_word' id='word_1_92' title='bbox 1364 867 1526 910; x_wconf 90' lang='lat' dir='ltr'>Fronto</span> <span class='ocrx_word' id='word_1_93' title='bbox 1569 869 1735 924; x_wconf 88' lang='lat' dir='ltr'>gratias</span> 
     </span>
     <span class='ocr_line' id='line_1_12' title="bbox 194 936 1733 994; baseline -0.001 -15"><span class='ocrx_word' id='word_1_94' title='bbox 194 938 288 994; x_wconf 85' lang='lat' dir='ltr'>agit</span> <span class='ocrx_word' id='word_1_95' title='bbox 316 937 363 980; x_wconf 89' lang='lat' dir='ltr'>in</span> <span class='ocrx_word' id='word_1_96' title='bbox 394 937 520 993; x_wconf 88' lang='lat' dir='ltr'>epist.</span> <span class='ocrx_word' id='word_1_97' title='bbox 552 936 588 992; x_wconf 87' lang='lat' dir='ltr'>I,</span> <span class='ocrx_word' id='word_1_98' title='bbox 621 937 662 980; x_wconf 86' lang='lat'>3.</span> <span class='ocrx_word' id='word_1_99' title='bbox 725 936 953 992; x_wconf 83' lang='lat' dir='ltr'>Sequentis</span> <span class='ocrx_word' id='word_1_100' title='bbox 997 936 1203 992; x_wconf 89' lang='lat' dir='ltr'>epistolae</span> <span class='ocrx_word' id='word_1_101' title='bbox 1244 951 1353 993; x_wconf 89' lang='lat' dir='ltr'>quae</span> <span class='ocrx_word' id='word_1_102' title='bbox 1392 937 1623 979; x_wconf 88' lang='lat' dir='ltr'>Frontonis</span> <span class='ocrx_word' id='word_1_103' title='bbox 1655 939 1733 992; x_wconf 81' lang='lat' dir='ltr'>est,</span> 
     </span>
     <span class='ocr_line' id='line_1_13' title="bbox 192 1006 1737 1063; baseline -0.001 -14"><span class='ocrx_word' id='word_1_104' title='bbox 192 1006 227 1062; x_wconf 92' lang='grc' dir='ltr'>Ι,</span> <span class='ocrx_word' id='word_1_105' title='bbox 254 1007 292 1061; x_wconf 94' lang='grc'>1,</span> <span class='ocrx_word' id='word_1_106' title='bbox 324 1021 414 1049; x_wconf 83' lang='grc'><strong>11011</strong></span> <span class='ocrx_word' id='word_1_107' title='bbox 438 1006 524 1048; x_wconf 89' lang='lat' dir='ltr'>nisi</span> <span class='ocrx_word' id='word_1_108' title='bbox 554 1006 757 1063; x_wconf 86' lang='lat' dir='ltr'>exiguum</span> <span class='ocrx_word' id='word_1_109' title='bbox 786 1006 1084 1062; x_wconf 69' lang='lat' dir='ltr'>fragmentum</span> <span class='ocrx_word' id='word_1_110' title='bbox 1105 1008 1324 1049; x_wconf 85' lang='lat' dir='ltr'>servatum</span> <span class='ocrx_word' id='word_1_111' title='bbox 1355 1008 1440 1049; x_wconf 89' lang='lat' dir='ltr'>est:</span> <span class='ocrx_word' id='word_1_112' title='bbox 1472 1006 1609 1048; x_wconf 88' lang='lat' dir='ltr'>mittit</span> <span class='ocrx_word' id='word_1_113' title='bbox 1640 1021 1737 1048; x_wconf 88' lang='lat' dir='ltr'>cum</span> 
     </span>
     <span class='ocr_line' id='line_1_14' title="bbox 194 1075 1738 1132; baseline -0.001 -14"><span class='ocrx_word' id='word_1_114' title='bbox 194 1075 377 1132; x_wconf 89' lang='lat' dir='ltr'>epistola</span> <span class='ocrx_word' id='word_1_115' title='bbox 406 1075 620 1131; x_wconf 77' lang='lat' dir='ltr'>ludicrum</span> <span class='ocrx_word' id='word_1_116' title='bbox 650 1090 757 1132; x_wconf 89' lang='lat' dir='ltr'>opus</span> <span class='ocrx_word' id='word_1_117' title='bbox 787 1090 870 1131; x_wconf 89' lang='lat' dir='ltr'>quo</span> <span class='ocrx_word' id='word_1_118' title='bbox 902 1075 1110 1118; x_wconf 79' lang='lat' dir='ltr'>Somnum</span> <span class='ocrx_word' id='word_1_119' title='bbox 1140 1075 1346 1130; x_wconf 77' lang='lat' dir='ltr'>laudavit,</span> <span class='ocrx_word' id='word_1_120' title='bbox 1382 1076 1501 1118; x_wconf 87' lang='lat' dir='ltr'>cuius</span> <span class='ocrx_word' id='word_1_121' title='bbox 1532 1075 1738 1117; x_wconf 89' lang='lat' dir='ltr'>memoria</span> 
     </span>
     <span class='ocr_line' id='line_1_15' title="bbox 194 1138 1737 1201; baseline -0.001 -15"><span class='ocrx_word' id='word_1_122' title='bbox 194 1145 233 1187; x_wconf 90' lang='lat' dir='ltr'>ei</span> <span class='ocrx_word' id='word_1_123' title='bbox 262 1159 438 1200; x_wconf 87' lang='lat' dir='ltr'>prorsus</span> <span class='ocrx_word' id='word_1_124' title='bbox 468 1144 708 1199; x_wconf 84' lang='lat' dir='ltr'>exciderat,</span> <span class='ocrx_word' id='word_1_125' title='bbox 752 1159 848 1186; x_wconf 91' lang='lat' dir='ltr'>cum</span> <span class='ocrx_word' id='word_1_126' title='bbox 886 1138 1042 1200; x_wconf 84' lang='lat' dir='ltr'>viginti</span> <span class='ocrx_word' id='word_1_127' title='bbox 1085 1144 1211 1187; x_wconf 88' lang='lat' dir='ltr'>annis</span> <span class='ocrx_word' id='word_1_128' title='bbox 1247 1146 1347 1201; x_wconf 88' lang='lat' dir='ltr'>post</span> <span class='ocrx_word' id='word_1_129' title='bbox 1377 1144 1606 1200; x_wconf 87' lang='lat' dir='ltr'>epistolam</span> <span class='ocrx_word' id='word_1_130' title='bbox 1636 1143 1737 1186; x_wconf 89' lang='lat' dir='ltr'>scri-</span> 
     </span>
     <span class='ocr_line' id='line_1_16' title="bbox 194 1212 1739 1270; baseline -0.001 -15"><span class='ocrx_word' id='word_1_131' title='bbox 194 1213 328 1269; x_wconf 77' lang='lat' dir='ltr'>beret,</span> <span class='ocrx_word' id='word_1_132' title='bbox 361 1228 470 1270; x_wconf 89' lang='lat' dir='ltr'>quae</span> <span class='ocrx_word' id='word_1_133' title='bbox 502 1213 660 1256; x_wconf 83' lang='lat' dir='ltr'>dicitur</span> <span class='ocrx_word' id='word_1_134' title='bbox 691 1213 742 1255; x_wconf 89' lang='lat' dir='ltr'>de</span> <span class='ocrx_word' id='word_1_135' title='bbox 772 1213 909 1256; x_wconf 86' lang='lat' dir='ltr'>Feriis</span> <span class='ocrx_word' id='word_1_136' title='bbox 947 1213 1234 1256; x_wconf 89' lang='lat' dir='ltr'>Alsiensibus.</span> <span class='ocrx_word' id='word_1_137' title='bbox 1296 1213 1548 1269; x_wconf 74' lang='lat' dir='ltr'>Respondet</span> <span class='ocrx_word' id='word_1_138' title='bbox 1579 1212 1739 1256; x_wconf 90' lang='lat' dir='ltr'>Caesar</span> 
     </span>
     <span class='ocr_line' id='line_1_17' title="bbox 195 1281 1738 1338; baseline -0.001 -14"><span class='ocrx_word' id='word_1_139' title='bbox 195 1283 238 1324; x_wconf 91' lang='lat' dir='ltr'>et</span> <span class='ocrx_word' id='word_1_140' title='bbox 268 1282 374 1325; x_wconf 89' lang='lat' dir='ltr'>satis</span> <span class='ocrx_word' id='word_1_141' title='bbox 403 1282 577 1324; x_wconf 89' lang='lat' dir='ltr'>inficete</span> <span class='ocrx_word' id='word_1_142' title='bbox 608 1282 815 1325; x_wconf 85' lang='lat' dir='ltr'>Somnum</span> <span class='ocrx_word' id='word_1_143' title='bbox 846 1284 1021 1325; x_wconf 87' lang='lat' dir='ltr'>accusat</span> <span class='ocrx_word' id='word_1_144' title='bbox 1049 1281 1084 1337; x_wconf 82' lang='lat' dir='ltr'>I,</span> <span class='ocrx_word' id='word_1_145' title='bbox 1114 1282 1162 1338; x_wconf 81' lang='lat'>43</span> <span class='ocrx_word' id='word_1_146' title='bbox 1193 1282 1356 1325; x_wconf 86' lang='lat' dir='ltr'>Fronto</span> <span class='ocrx_word' id='word_1_147' title='bbox 1387 1284 1534 1325; x_wconf 87' lang='lat' dir='ltr'>tamen</span> <span class='ocrx_word' id='word_1_148' title='bbox 1564 1283 1612 1324; x_wconf 89' lang='lat' dir='ltr'>in</span> <span class='ocrx_word' id='word_1_149' title='bbox 1642 1296 1738 1338; x_wconf 91' lang='lat' dir='ltr'>pro-</span> 
     </span>
     <span class='ocr_line' id='line_1_18' title="bbox 193 1349 1739 1408; baseline -0.001 -15"><span class='ocrx_word' id='word_1_150' title='bbox 193 1350 282 1394; x_wconf 86' lang='lat' dir='ltr'>lixa</span> <span class='ocrx_word' id='word_1_151' title='bbox 319 1350 515 1407; x_wconf 83' lang='lat' dir='ltr'>epistola,</span> <span class='ocrx_word' id='word_1_152' title='bbox 555 1350 591 1406; x_wconf 91' lang='grc' dir='ltr'>Ι,</span> <span class='ocrx_word' id='word_1_153' title='bbox 623 1350 672 1407; x_wconf 80' lang='grc'>5,</span> <span class='ocrx_word' id='word_1_154' title='bbox 706 1351 880 1408; x_wconf 87' lang='lat' dir='ltr'>singula</span> <span class='ocrx_word' id='word_1_155' title='bbox 919 1349 1139 1394; x_wconf 82' lang='lat' dir='ltr'>examinat</span> <span class='ocrx_word' id='word_1_156' title='bbox 1169 1353 1213 1394; x_wconf 89' lang='lat' dir='ltr'>et</span> <span class='ocrx_word' id='word_1_157' title='bbox 1250 1351 1450 1394; x_wconf 86' lang='lat' dir='ltr'>laudibus</span> <span class='ocrx_word' id='word_1_158' title='bbox 1487 1351 1534 1393; x_wconf 91' lang='lat' dir='ltr'>in</span> <span class='ocrx_word' id='word_1_159' title='bbox 1573 1351 1739 1394; x_wconf 87' lang='lat' dir='ltr'>caelum</span> 
     </span>
     <span class='ocr_line' id='line_1_19' title="bbox 195 1420 1737 1477; baseline -0.001 -14"><span class='ocrx_word' id='word_1_160' title='bbox 195 1420 332 1464; x_wconf 86' lang='lat' dir='ltr'>effert.</span> <span class='ocrx_word' id='word_1_161' title='bbox 377 1420 544 1477; x_wconf 87' lang='lat' dir='ltr'>Operae</span> <span class='ocrx_word' id='word_1_162' title='bbox 575 1420 764 1476; x_wconf 82' lang='lat' dir='ltr'>pretium</span> <span class='ocrx_word' id='word_1_163' title='bbox 784 1423 850 1463; x_wconf 90' lang='lat' dir='ltr'>est</span> <span class='ocrx_word' id='word_1_164' title='bbox 882 1421 1038 1476; x_wconf 78' lang='lat' dir='ltr'>videre,</span> <span class='ocrx_word' id='word_1_165' title='bbox 1072 1423 1122 1463; x_wconf 91' lang='lat' dir='ltr'>ut</span> <span class='ocrx_word' id='word_1_166' title='bbox 1151 1420 1211 1462; x_wconf 91' lang='lat' dir='ltr'>M.</span> <span class='ocrx_word' id='word_1_167' title='bbox 1236 1420 1410 1463; x_wconf 84' lang='lat' dir='ltr'>Caesari</span> <span class='ocrx_word' id='word_1_168' title='bbox 1442 1420 1601 1476; x_wconf 87' lang='lat' dir='ltr'>viginti</span> <span class='ocrx_word' id='word_1_169' title='bbox 1632 1421 1737 1462; x_wconf 89' lang='lat' dir='ltr'>duos</span> 
     </span>
     <span class='ocr_line' id='line_1_20' title="bbox 195 1489 1510 1546; baseline 0 -15"><span class='ocrx_word' id='word_1_170' title='bbox 195 1504 332 1532; x_wconf 88' lang='lat' dir='ltr'>annos</span> <span class='ocrx_word' id='word_1_171' title='bbox 362 1491 467 1532; x_wconf 87' lang='lat' dir='ltr'>nato</span> <span class='ocrx_word' id='word_1_172' title='bbox 498 1491 589 1531; x_wconf 88' lang='lat' dir='ltr'>tam</span> <span class='ocrx_word' id='word_1_173' title='bbox 617 1489 783 1532; x_wconf 90' lang='lat' dir='ltr'>insulsa</span> <span class='ocrx_word' id='word_1_174' title='bbox 813 1490 1069 1532; x_wconf 74' lang='lat' dir='ltr'>declamatio</span> <span class='ocrx_word' id='word_1_175' title='bbox 1106 1489 1276 1545; x_wconf 87' lang='lat' dir='ltr'>placere</span> <span class='ocrx_word' id='word_1_176' title='bbox 1307 1490 1510 1546; x_wconf 89' lang='lat' dir='ltr'>potuerit.</span> 
     </span>
    </p>

    <p class='ocr_par' dir='ltr' id='par_1_6' title="bbox 195 1548 1738 1684">
     <span class='ocr_line' id='line_1_21' title="bbox 309 1548 1738 1614; baseline 0 -14"><span class='ocrx_word' id='word_1_177' title='bbox 309 1559 465 1600; x_wconf 88' lang='lat' dir='ltr'>Annus</span> <span class='ocrx_word' id='word_1_178' title='bbox 495 1558 689 1614; x_wconf 79' lang='lat' dir='ltr'>sequitur</span> <span class='ocrx_word' id='word_1_179' title='bbox 722 1558 817 1601; x_wconf 85' lang='lat'>143.</span> <span class='ocrx_word' id='word_1_180' title='bbox 867 1548 1136 1614; x_wconf 53' lang='grc'><strong>1116111815016</strong></span> <span class='ocrx_word' id='word_1_181' title='bbox 1165 1557 1220 1613; x_wconf 78' lang='lat' dir='ltr'>V,</span> <span class='ocrx_word' id='word_1_182' title='bbox 1253 1558 1308 1600; x_wconf 77' lang='lat'>32</span> <span class='ocrx_word' id='word_1_183' title='bbox 1340 1558 1498 1601; x_wconf 88' lang='lat' dir='ltr'>Caesar</span> <span class='ocrx_word' id='word_1_184' title='bbox 1528 1558 1738 1614; x_wconf 87' lang='lat' dir='ltr'>magistro</span> 
     </span>
     <span class='ocr_line' id='line_1_22' title="bbox 195 1626 1736 1684; baseline 0 -15"><span class='ocrx_word' id='word_1_185' title='bbox 195 1627 442 1684; x_wconf 80' lang='lat' dir='ltr'>gratulatur</span> <span class='ocrx_word' id='word_1_186' title='bbox 473 1627 540 1669; x_wconf 88' lang='lat' dir='ltr'>die</span> <span class='ocrx_word' id='word_1_187' title='bbox 570 1627 730 1682; x_wconf 82' lang='lat' dir='ltr'>natali3</span> <span class='ocrx_word' id='word_1_188' title='bbox 769 1627 806 1669; x_wconf 87' lang='lat' dir='ltr'>is</span> <span class='ocrx_word' id='word_1_189' title='bbox 844 1629 989 1670; x_wconf 90' lang='lat' dir='ltr'>autem</span> <span class='ocrx_word' id='word_1_190' title='bbox 1019 1627 1185 1683; x_wconf 87' lang='lat' dir='ltr'>gratias</span> <span class='ocrx_word' id='word_1_191' title='bbox 1217 1628 1310 1683; x_wconf 87' lang='lat' dir='ltr'>agit</span> <span class='ocrx_word' id='word_1_192' title='bbox 1339 1627 1387 1669; x_wconf 87' lang='lat' dir='ltr'>in</span> <span class='ocrx_word' id='word_1_193' title='bbox 1418 1627 1544 1683; x_wconf 85' lang='lat' dir='ltr'>epist.</span> <span class='ocrx_word' id='word_1_194' title='bbox 1578 1626 1632 1681; x_wconf 84' lang='lat' dir='ltr'>V,</span> <span class='ocrx_word' id='word_1_195' title='bbox 1666 1627 1736 1669; x_wconf 84' lang='lat'>33.</span> 
     </span>
    </p>
   </div>
   <div class='ocr_carea' id='block_1_5' title="bbox 126 1695 1738 1754">
    <p class='ocr_par' dir='ltr' id='par_1_7' title="bbox 126 1695 1738 1754">
     <span class='ocr_line' id='line_1_23' title="bbox 126 1695 1738 1754; baseline -0.001 -15"><span class='ocrx_word' id='word_1_196' title='bbox 126 1751 129 1754; x_wconf 19' lang='grc' dir='ltr'>ι</span> <span class='ocrx_word' id='word_1_197' title='bbox 195 1696 287 1739; x_wconf 90' lang='lat' dir='ltr'>Has</span> <span class='ocrx_word' id='word_1_198' title='bbox 318 1696 540 1751; x_wconf 83' lang='lat' dir='ltr'>excipiunt</span> <span class='ocrx_word' id='word_1_199' title='bbox 570 1695 776 1751; x_wconf 87' lang='lat' dir='ltr'>epistolae</span> <span class='ocrx_word' id='word_1_200' title='bbox 806 1710 967 1752; x_wconf 87' lang='lat' dir='ltr'>magno</span> <span class='ocrx_word' id='word_1_201' title='bbox 997 1711 1177 1738; x_wconf 87' lang='lat' dir='ltr'>numero</span> <span class='ocrx_word' id='word_1_202' title='bbox 1209 1696 1395 1751; x_wconf 87' lang='lat' dir='ltr'>scriptae</span> <span class='ocrx_word' id='word_1_203' title='bbox 1425 1696 1645 1738; x_wconf 88' lang='lat' dir='ltr'>mensibus</span> <span class='ocrx_word' id='word_1_204' title='bbox 1670 1695 1738 1737; x_wconf 86' lang='lat' dir='ltr'>lu-</span> 
     </span>
    </p>
   </div>
   <div class='ocr_carea' id='block_1_6' title="bbox 195 1764 1739 2303">
    <p class='ocr_par' dir='ltr' id='par_1_8' title="bbox 195 1764 1739 2303">
     <span class='ocr_line' id='line_1_24' title="bbox 195 1764 1738 1821; baseline 0 -14"><span class='ocrx_word' id='word_1_205' title='bbox 195 1765 252 1807; x_wconf 88' lang='lat' dir='ltr'>lio</span> <span class='ocrx_word' id='word_1_206' title='bbox 290 1767 334 1807; x_wconf 89' lang='lat' dir='ltr'>et</span> <span class='ocrx_word' id='word_1_207' title='bbox 366 1765 590 1821; x_wconf 83' lang='lat' dir='ltr'>Augusto,</span> <span class='ocrx_word' id='word_1_208' title='bbox 633 1780 730 1806; x_wconf 89' lang='lat' dir='ltr'>cum</span> <span class='ocrx_word' id='word_1_209' title='bbox 758 1764 922 1807; x_wconf 87' lang='lat' dir='ltr'>Fronto</span> <span class='ocrx_word' id='word_1_210' title='bbox 962 1765 1110 1807; x_wconf 89' lang='lat' dir='ltr'>consul</span> <span class='ocrx_word' id='word_1_211' title='bbox 1149 1765 1353 1807; x_wconf 85' lang='lat' dir='ltr'>suffectus</span> <span class='ocrx_word' id='word_1_212' title='bbox 1391 1767 1504 1807; x_wconf 88' lang='lat' dir='ltr'>esset</span> <span class='ocrx_word' id='word_1_213' title='bbox 1514 1799 1525 1820; x_wconf 92' lang='grc'>,</span> <span class='ocrx_word' id='word_1_214' title='bbox 1565 1765 1738 1807; x_wconf 87' lang='lat' dir='ltr'>Marcus</span> 
     </span>
     <span class='ocr_line' id='line_1_25' title="bbox 197 1833 1736 1890; baseline -0.001 -14"><span class='ocrx_word' id='word_1_215' title='bbox 197 1836 341 1876; x_wconf 90' lang='lat' dir='ltr'>autem</span> <span class='ocrx_word' id='word_1_216' title='bbox 371 1833 555 1889; x_wconf 83' lang='lat' dir='ltr'>Neapoli</span> <span class='ocrx_word' id='word_1_217' title='bbox 587 1834 776 1890; x_wconf 87' lang='lat' dir='ltr'>degeret.</span> <span class='ocrx_word' id='word_1_218' title='bbox 818 1833 1084 1889; x_wconf 89' lang='lat' dir='ltr'>Incipiamus</span> <span class='ocrx_word' id='word_1_219' title='bbox 1105 1849 1130 1876; x_wconf 89' lang='lat' dir='ltr'>a</span> <span class='ocrx_word' id='word_1_220' title='bbox 1152 1833 1348 1877; x_wconf 83' lang='lat' dir='ltr'>Caesaris</span> <span class='ocrx_word' id='word_1_221' title='bbox 1379 1834 1572 1890; x_wconf 88' lang='lat' dir='ltr'>epistolis</span> <span class='ocrx_word' id='word_1_222' title='bbox 1602 1833 1659 1888; x_wconf 88' lang='grc' dir='ltr'>ΙΙ,</span> <span class='ocrx_word' id='word_1_223' title='bbox 1686 1835 1736 1875; x_wconf 87' lang='grc'>11</span> 
     </span>
     <span class='ocr_line' id='line_1_26' title="bbox 197 1902 1738 1959; baseline -0.001 -14"><span class='ocrx_word' id='word_1_224' title='bbox 197 1905 240 1945; x_wconf 85' lang='lat' dir='ltr'>et</span> <span class='ocrx_word' id='word_1_225' title='bbox 273 1903 338 1957; x_wconf 88' lang='grc'><strong>12,</strong></span> <span class='ocrx_word' id='word_1_226' title='bbox 371 1917 552 1959; x_wconf 87' lang='lat' dir='ltr'>quarum</span> <span class='ocrx_word' id='word_1_227' title='bbox 582 1902 832 1959; x_wconf 86' lang='lat' dir='ltr'>fragmenta</span> <span class='ocrx_word' id='word_1_228' title='bbox 863 1904 1034 1945; x_wconf 84' lang='lat' dir='ltr'>servata</span> <span class='ocrx_word' id='word_1_229' title='bbox 1064 1905 1186 1958; x_wconf 82' lang='lat' dir='ltr'>sunt3</span> <span class='ocrx_word' id='word_1_230' title='bbox 1218 1902 1426 1945; x_wconf 87' lang='lat' dir='ltr'>habemus</span> <span class='ocrx_word' id='word_1_231' title='bbox 1447 1903 1494 1945; x_wconf 87' lang='lat' dir='ltr'>in</span> <span class='ocrx_word' id='word_1_232' title='bbox 1514 1903 1568 1944; x_wconf 90' lang='lat' dir='ltr'>iis</span> <span class='ocrx_word' id='word_1_233' title='bbox 1599 1917 1738 1944; x_wconf 82' lang='lat' dir='ltr'>exem-</span> 
     </span>
     <span class='ocr_line' id='line_1_27' title="bbox 196 1971 1739 2027; baseline 0.001 -15"><span class='ocrx_word' id='word_1_234' title='bbox 196 1971 269 2027; x_wconf 89' lang='lat' dir='ltr'>pla</span> <span class='ocrx_word' id='word_1_235' title='bbox 313 1971 591 2027; x_wconf 86' lang='lat' dir='ltr'>epistolarum</span> <span class='ocrx_word' id='word_1_236' title='bbox 635 1971 808 2013; x_wconf 86' lang='lat' dir='ltr'>illarum</span> <span class='ocrx_word' id='word_1_237' title='bbox 854 1971 1147 2014; x_wconf 88' lang='lat' dir='ltr'>remissiorum</span> <span class='ocrx_word' id='word_1_238' title='bbox 1191 1974 1235 2014; x_wconf 91' lang='lat' dir='ltr'>et</span> <span class='ocrx_word' id='word_1_239' title='bbox 1272 1971 1585 2027; x_wconf 80' lang='lat' dir='ltr'>Tullianarum,</span> <span class='ocrx_word' id='word_1_240' title='bbox 1633 1987 1739 2027; x_wconf 87' lang='lat' dir='ltr'>quas</span> 
     </span>
     <span class='ocr_line' id='line_1_28' title="bbox 196 2039 1739 2097; baseline 0 -15"><span class='ocrx_word' id='word_1_241' title='bbox 196 2040 358 2082; x_wconf 89' lang='lat' dir='ltr'>Fronto</span> <span class='ocrx_word' id='word_1_242' title='bbox 389 2039 492 2082; x_wconf 88' lang='lat' dir='ltr'>alibi</span> <span class='ocrx_word' id='word_1_243' title='bbox 523 2040 685 2082; x_wconf 90' lang='lat' dir='ltr'>laudat.</span> <span class='ocrx_word' id='word_1_244' title='bbox 748 2039 793 2083; x_wconf 80' lang='lat' dir='ltr'>Si</span> <span class='ocrx_word' id='word_1_245' title='bbox 825 2040 973 2084; x_wconf 88' lang='lat' dir='ltr'>Cicero</span> <span class='ocrx_word' id='word_1_246' title='bbox 1005 2055 1076 2082; x_wconf 88' lang='lat' dir='ltr'>eas</span> <span class='ocrx_word' id='word_1_247' title='bbox 1105 2040 1250 2097; x_wconf 86' lang='lat' dir='ltr'>legere</span> <span class='ocrx_word' id='word_1_248' title='bbox 1280 2040 1512 2096; x_wconf 86' lang='lat' dir='ltr'>potuisset,</span> <span class='ocrx_word' id='word_1_249' title='bbox 1554 2040 1739 2082; x_wconf 89' lang='lat' dir='ltr'>multum</span> 
     </span>
     <span class='ocr_line' id='line_1_29' title="bbox 197 2109 1736 2166; baseline 0 -15"><span class='ocrx_word' id='word_1_250' title='bbox 197 2123 346 2151; x_wconf 89' lang='lat' dir='ltr'>vereor</span> <span class='ocrx_word' id='word_1_251' title='bbox 395 2124 452 2151; x_wconf 89' lang='lat' dir='ltr'>an</span> <span class='ocrx_word' id='word_1_252' title='bbox 495 2110 588 2165; x_wconf 90' lang='lat' dir='ltr'>ipse</span> <span class='ocrx_word' id='word_1_253' title='bbox 633 2123 799 2166; x_wconf 88' lang='lat' dir='ltr'>quoque</span> <span class='ocrx_word' id='word_1_254' title='bbox 845 2125 917 2152; x_wconf 89' lang='lat' dir='ltr'>eas</span> <span class='ocrx_word' id='word_1_255' title='bbox 961 2125 1040 2165; x_wconf 88' lang='lat' dir='ltr'>pro</span> <span class='ocrx_word' id='word_1_256' title='bbox 1071 2109 1283 2152; x_wconf 86' lang='lat' dir='ltr'>Tullianis</span> <span class='ocrx_word' id='word_1_257' title='bbox 1328 2109 1479 2151; x_wconf 87' lang='lat' dir='ltr'>haberi</span> <span class='ocrx_word' id='word_1_258' title='bbox 1517 2109 1736 2151; x_wconf 87' lang='lat' dir='ltr'>voluisset.</span> 
     </span>
     <span class='ocr_line' id='line_1_30' title="bbox 197 2177 1736 2235; baseline 0.001 -16"><span class='ocrx_word' id='word_1_259' title='bbox 197 2177 361 2220; x_wconf 87' lang='lat' dir='ltr'>Eodem</span> <span class='ocrx_word' id='word_1_260' title='bbox 390 2177 590 2220; x_wconf 87' lang='lat' dir='ltr'>Tulliano</span> <span class='ocrx_word' id='word_1_261' title='bbox 621 2178 789 2220; x_wconf 90' lang='lat' dir='ltr'>dicendi</span> <span class='ocrx_word' id='word_1_262' title='bbox 822 2193 982 2235; x_wconf 86' lang='lat' dir='ltr'>genere</span> <span class='ocrx_word' id='word_1_263' title='bbox 1014 2178 1172 2222; x_wconf 87' lang='lat' dir='ltr'>Caesar</span> <span class='ocrx_word' id='word_1_264' title='bbox 1202 2179 1340 2221; x_wconf 87' lang='lat' dir='ltr'>utitur</span> <span class='ocrx_word' id='word_1_265' title='bbox 1369 2178 1416 2220; x_wconf 91' lang='lat' dir='ltr'>in</span> <span class='ocrx_word' id='word_1_266' title='bbox 1447 2178 1572 2234; x_wconf 89' lang='lat' dir='ltr'>epist.</span> <span class='ocrx_word' id='word_1_267' title='bbox 1604 2178 1662 2234; x_wconf 92' lang='grc' dir='ltr'>ΙΙ,</span> <span class='ocrx_word' id='word_1_268' title='bbox 1695 2178 1736 2233; x_wconf 90' lang='grc'>5,</span> 
     </span>
     <span class='ocr_line' id='line_1_31' title="bbox 196 2245 1739 2303; baseline 0 -15"><span class='ocrx_word' id='word_1_269' title='bbox 196 2245 271 2288; x_wconf 86' lang='lat' dir='ltr'>ubi</span> <span class='ocrx_word' id='word_1_270' title='bbox 301 2246 353 2289; x_wconf 90' lang='lat' dir='ltr'>de</span> <span class='ocrx_word' id='word_1_271' title='bbox 383 2246 615 2289; x_wconf 89' lang='lat' dir='ltr'>Polemone</span> <span class='ocrx_word' id='word_1_272' title='bbox 644 2247 851 2289; x_wconf 84' lang='lat' dir='ltr'>iudicium</span> <span class='ocrx_word' id='word_1_273' title='bbox 887 2247 975 2290; x_wconf 84' lang='lat' dir='ltr'>sert</span> <span class='ocrx_word' id='word_1_274' title='bbox 1006 2249 1050 2290; x_wconf 88' lang='lat' dir='ltr'>et</span> <span class='ocrx_word' id='word_1_275' title='bbox 1079 2248 1126 2290; x_wconf 89' lang='lat' dir='ltr'>in</span> <span class='ocrx_word' id='word_1_276' title='bbox 1157 2248 1282 2303; x_wconf 88' lang='lat' dir='ltr'>epist.</span> <span class='ocrx_word' id='word_1_277' title='bbox 1314 2246 1372 2302; x_wconf 93' lang='grc' dir='ltr'>ΙΙ,</span> <span class='ocrx_word' id='word_1_278' title='bbox 1404 2247 1446 2302; x_wconf 86' lang='grc'>6,</span> <span class='ocrx_word' id='word_1_279' title='bbox 1477 2247 1525 2289; x_wconf 90' lang='lat' dir='ltr'>in</span> <span class='ocrx_word' id='word_1_280' title='bbox 1555 2262 1639 2302; x_wconf 87' lang='lat' dir='ltr'>qua</span> <span class='ocrx_word' id='word_1_281' title='bbox 1670 2247 1739 2289; x_wconf 89' lang='lat' dir='ltr'>de-</span> 
     </span>
    </p>
   </div>
   <div class='ocr_carea' id='block_1_7' title="bbox 117 2315 1736 2372">
    <p class='ocr_par' dir='ltr' id='par_1_9' title="bbox 117 2315 1736 2372">
     <span class='ocr_line' id='line_1_32' title="bbox 117 2315 1736 2372; baseline 0 -15"><span class='ocrx_word' id='word_1_282' title='bbox 117 2338 121 2342; x_wconf 94' lang='lat'>·</span> <span class='ocrx_word' id='word_1_283' title='bbox 197 2315 374 2371; x_wconf 90' lang='lat' dir='ltr'>scriptio</span> <span class='ocrx_word' id='word_1_284' title='bbox 407 2315 514 2358; x_wconf 83' lang='lat' dir='ltr'>caeli</span> <span class='ocrx_word' id='word_1_285' title='bbox 544 2315 839 2371; x_wconf 87' lang='lat' dir='ltr'>Neapolitani.</span> <span class='ocrx_word' id='word_1_286' title='bbox 887 2315 1015 2372; x_wconf 88' lang='lat' dir='ltr'>Legit</span> <span class='ocrx_word' id='word_1_287' title='bbox 1047 2318 1210 2359; x_wconf 89' lang='lat' dir='ltr'>veteres</span> <span class='ocrx_word' id='word_1_288' title='bbox 1241 2316 1472 2371; x_wconf 85' lang='lat' dir='ltr'>scriptores</span> <span class='ocrx_word' id='word_1_289' title='bbox 1503 2315 1736 2370; x_wconf 87' lang='lat' dir='ltr'>Romanos,</span> 
     </span>
    </p>
   </div>
   <div class='ocr_carea' id='block_1_8' title="bbox 197 2382 1738 2921">
    <p class='ocr_par' dir='ltr' id='par_1_10' title="bbox 197 2382 1738 2921">
     <span class='ocr_line' id='line_1_33' title="bbox 197 2382 1738 2440; baseline -0.001 -14"><span class='ocrx_word' id='word_1_290' title='bbox 197 2398 377 2440; x_wconf 87' lang='lat' dir='ltr'>quorum</span> <span class='ocrx_word' id='word_1_291' title='bbox 408 2382 564 2426; x_wconf 82' lang='lat' dir='ltr'>diserte</span> <span class='ocrx_word' id='word_1_292' title='bbox 595 2384 880 2427; x_wconf 88' lang='lat' dir='ltr'>nominantur</span> <span class='ocrx_word' id='word_1_293' title='bbox 901 2384 1007 2428; x_wconf 88' lang='lat' dir='ltr'>Cato</span> <span class='ocrx_word' id='word_1_294' title='bbox 1029 2386 1073 2427; x_wconf 91' lang='lat' dir='ltr'>et</span> <span class='ocrx_word' id='word_1_295' title='bbox 1093 2385 1315 2427; x_wconf 89' lang='lat' dir='ltr'>Laberius.</span> <span class='ocrx_word' id='word_1_296' title='bbox 1359 2384 1557 2426; x_wconf 89' lang='lat' dir='ltr'>Breviter</span> <span class='ocrx_word' id='word_1_297' title='bbox 1578 2384 1738 2426; x_wconf 83' lang='lat' dir='ltr'>Fronto</span> 
     </span>
     <span class='ocr_line' id='line_1_34' title="bbox 197 2452 1738 2509; baseline -0.001 -15"><span class='ocrx_word' id='word_1_298' title='bbox 197 2452 428 2508; x_wconf 82' lang='lat' dir='ltr'>respondet</span> <span class='ocrx_word' id='word_1_299' title='bbox 447 2452 506 2508; x_wconf 93' lang='grc' dir='ltr'>ΙΙ,</span> <span class='ocrx_word' id='word_1_300' title='bbox 530 2452 569 2496; x_wconf 83' lang='grc'>7.</span> <span class='ocrx_word' id='word_1_301' title='bbox 611 2452 666 2495; x_wconf 90' lang='lat' dir='ltr'>In</span> <span class='ocrx_word' id='word_1_302' title='bbox 696 2453 879 2509; x_wconf 89' lang='lat' dir='ltr'>epistola</span> <span class='ocrx_word' id='word_1_303' title='bbox 898 2453 934 2509; x_wconf 89' lang='grc' dir='ltr'>Ι,</span> <span class='ocrx_word' id='word_1_304' title='bbox 968 2454 994 2496; x_wconf 90' lang='grc'><strong>6</strong></span> <span class='ocrx_word' id='word_1_305' title='bbox 1025 2453 1177 2496; x_wconf 85' lang='lat' dir='ltr'>scribit</span> <span class='ocrx_word' id='word_1_306' title='bbox 1209 2453 1367 2496; x_wconf 87' lang='lat' dir='ltr'>Caesar</span> <span class='ocrx_word' id='word_1_307' title='bbox 1398 2468 1442 2495; x_wconf 88' lang='lat' dir='ltr'>se</span> <span class='ocrx_word' id='word_1_308' title='bbox 1471 2452 1586 2507; x_wconf 85' lang='lat' dir='ltr'>patri</span> <span class='ocrx_word' id='word_1_309' title='bbox 1616 2466 1738 2507; x_wconf 89' lang='lat' dir='ltr'>prae-</span> 
     </span>
     <span class='ocr_line' id='line_1_35' title="bbox 197 2521 1738 2577; baseline -0.001 -14"><span class='ocrx_word' id='word_1_310' title='bbox 197 2521 354 2577; x_wconf 85' lang='lat' dir='ltr'>legisse</span> <span class='ocrx_word' id='word_1_311' title='bbox 384 2522 554 2576; x_wconf 88' lang='lat' dir='ltr'>partem</span> <span class='ocrx_word' id='word_1_312' title='bbox 584 2523 832 2577; x_wconf 85' lang='lat' dir='ltr'>excerptam</span> <span class='ocrx_word' id='word_1_313' title='bbox 853 2537 876 2564; x_wconf 91' lang='lat' dir='ltr'>e</span> <span class='ocrx_word' id='word_1_314' title='bbox 896 2522 1128 2565; x_wconf 90' lang='lat' dir='ltr'>Frontonis</span> <span class='ocrx_word' id='word_1_315' title='bbox 1152 2523 1347 2564; x_wconf 91' lang='lat' dir='ltr'>oratione</span> <span class='ocrx_word' id='word_1_316' title='bbox 1378 2521 1576 2577; x_wconf 86' lang='lat' dir='ltr'>quadam,</span> <span class='ocrx_word' id='word_1_317' title='bbox 1609 2535 1738 2576; x_wconf 89' lang='lat' dir='ltr'>quam</span> 
     </span>
     <span class='ocr_line' id='line_1_36' title="bbox 197 2586 1738 2644; baseline 0 -12"><span class='ocrx_word' id='word_1_318' title='bbox 197 2589 323 2636; x_wconf 86' lang='lat' dir='ltr'>hodie</span> <span class='ocrx_word' id='word_1_319' title='bbox 361 2589 443 2631; x_wconf 89' lang='lat' dir='ltr'>viri</span> <span class='ocrx_word' id='word_1_320' title='bbox 481 2589 596 2631; x_wconf 90' lang='lat' dir='ltr'>docti</span> <span class='ocrx_word' id='word_1_321' title='bbox 633 2590 880 2632; x_wconf 90' lang='lat' dir='ltr'>inscribunt</span> <span class='ocrx_word' id='word_1_322' title='bbox 909 2591 961 2633; x_wconf 92' lang='lat' dir='ltr'>de</span> <span class='ocrx_word' id='word_1_323' title='bbox 990 2591 1265 2633; x_wconf 86' lang='lat' dir='ltr'>testamentis</span> <span class='ocrx_word' id='word_1_324' title='bbox 1296 2586 1623 2644; x_wconf 83' lang='lat' dir='ltr'>transmarinis,</span> <span class='ocrx_word' id='word_1_325' title='bbox 1664 2590 1738 2632; x_wconf 91' lang='lat' dir='ltr'>sed</span> 
     </span>
     <span class='ocr_line' id='line_1_37' title="bbox 197 2657 1738 2714; baseline 0.001 -14"><span class='ocrx_word' id='word_1_326' title='bbox 197 2673 286 2700; x_wconf 90' lang='lat' dir='ltr'>non</span> <span class='ocrx_word' id='word_1_327' title='bbox 331 2658 543 2700; x_wconf 87' lang='lat' dir='ltr'>diversam</span> <span class='ocrx_word' id='word_1_328' title='bbox 588 2673 683 2700; x_wconf 89' lang='lat' dir='ltr'>eam</span> <span class='ocrx_word' id='word_1_329' title='bbox 728 2673 819 2701; x_wconf 85' lang='lat' dir='ltr'>esse</span> <span class='ocrx_word' id='word_1_330' title='bbox 859 2659 1041 2701; x_wconf 83' lang='lat' dir='ltr'>coniicio</span> <span class='ocrx_word' id='word_1_331' title='bbox 1081 2674 1105 2701; x_wconf 87' lang='lat' dir='ltr'>a</span> <span class='ocrx_word' id='word_1_332' title='bbox 1142 2658 1279 2701; x_wconf 88' lang='lat' dir='ltr'>nobili</span> <span class='ocrx_word' id='word_1_333' title='bbox 1316 2658 1392 2700; x_wconf 89' lang='lat' dir='ltr'>illa</span> <span class='ocrx_word' id='word_1_334' title='bbox 1428 2657 1622 2700; x_wconf 88' lang='lat' dir='ltr'>oratione</span> <span class='ocrx_word' id='word_1_335' title='bbox 1659 2673 1738 2714; x_wconf 90' lang='lat' dir='ltr'>pro</span> 
     </span>
     <span class='ocr_line' id='line_1_38' title="bbox 199 2726 1738 2783; baseline 0.001 -15"><span class='ocrx_word' id='word_1_336' title='bbox 199 2726 415 2781; x_wconf 87' lang='lat' dir='ltr'>Bithynis.</span> <span class='ocrx_word' id='word_1_337' title='bbox 478 2727 637 2769; x_wconf 87' lang='lat' dir='ltr'>Caesar</span> <span class='ocrx_word' id='word_1_338' title='bbox 682 2726 887 2769; x_wconf 87' lang='lat' dir='ltr'>describit</span> <span class='ocrx_word' id='word_1_339' title='bbox 931 2727 1106 2783; x_wconf 88' lang='lat' dir='ltr'>insigne</span> <span class='ocrx_word' id='word_1_340' title='bbox 1144 2727 1461 2783; x_wconf 77' lang='lat' dir='ltr'>fragmentum,</span> <span class='ocrx_word' id='word_1_341' title='bbox 1510 2727 1623 2783; x_wconf 85' lang='lat' dir='ltr'>quod</span> <span class='ocrx_word' id='word_1_342' title='bbox 1659 2727 1738 2770; x_wconf 85' lang='lat' dir='ltr'>Pio</span> 
     </span>
     <span class='ocr_line' id='line_1_39' title="bbox 198 2795 1738 2851; baseline 0.001 -15"><span class='ocrx_word' id='word_1_343' title='bbox 198 2809 301 2850; x_wconf 90' lang='lat' dir='ltr'>prae</span> <span class='ocrx_word' id='word_1_344' title='bbox 334 2795 486 2837; x_wconf 88' lang='lat' dir='ltr'>ceteris</span> <span class='ocrx_word' id='word_1_345' title='bbox 516 2795 741 2851; x_wconf 87' lang='lat' dir='ltr'>placuerat</span> <span class='ocrx_word' id='word_1_346' title='bbox 771 2797 814 2838; x_wconf 86' lang='lat' dir='ltr'>et</span> <span class='ocrx_word' id='word_1_347' title='bbox 843 2810 922 2838; x_wconf 90' lang='lat' dir='ltr'>nos</span> <span class='ocrx_word' id='word_1_348' title='bbox 953 2796 1159 2851; x_wconf 86' lang='lat' dir='ltr'>epistolae</span> <span class='ocrx_word' id='word_1_349' title='bbox 1190 2795 1412 2851; x_wconf 84' lang='lat' dir='ltr'>beneficio,</span> <span class='ocrx_word' id='word_1_350' title='bbox 1447 2795 1566 2838; x_wconf 90' lang='lat' dir='ltr'>cuius</span> <span class='ocrx_word' id='word_1_351' title='bbox 1595 2795 1738 2838; x_wconf 89' lang='lat' dir='ltr'>lacera</span> 
     </span>
     <span class='ocr_line' id='line_1_40' title="bbox 198 2863 1737 2921; baseline 0.001 -15"><span class='ocrx_word' id='word_1_352' title='bbox 198 2863 391 2906; x_wconf 87' lang='lat' dir='ltr'>membra</span> <span class='ocrx_word' id='word_1_353' title='bbox 432 2863 572 2906; x_wconf 89' lang='lat' dir='ltr'>Maius</span> <span class='ocrx_word' id='word_1_354' title='bbox 615 2879 844 2920; x_wconf 86' lang='lat' dir='ltr'>perperam</span> <span class='ocrx_word' id='word_1_355' title='bbox 889 2865 1148 2920; x_wconf 88' lang='lat' dir='ltr'>composuit,</span> <span class='ocrx_word' id='word_1_356' title='bbox 1194 2879 1420 2921; x_wconf 89' lang='lat' dir='ltr'>possumus</span> <span class='ocrx_word' id='word_1_357' title='bbox 1465 2864 1737 2920; x_wconf 89' lang='lat' dir='ltr'>aliquatenus</span> 
     </span>
    </p>
   </div>
  </div>
 </body>
</html>
