1968 3158
296 133 374 174 158
574 133 621 166 M.
642 131 867 166 CORNELII
891 131 1166 181 FJRONTONIS
1191 131 1533 176 EPISTULARUM

408 243 645 301 [Appel]lat
675 258 840 299 quoque
871 246 1080 300 quintamf
1131 246 1288 298 Siquis1
1314 260 1441 298 pares
1470 252 1647 299 aquilas.-

406 311 534 353 Sexta
564 311 669 353 haec
700 311 898 353 Herculis
929 327 1147 356 aerumna.
1207 316 1259 355 Et
1286 318 1373 366 pila
1403 318 1598 357 minantia
1624 321 1740 368 pilis:

406 378 615 433 Septima:
648 380 698 420 de
729 379 876 421 Aiacis
907 383 1026 422 scuto
1058 382 1232 423 corium.

404 446 598 501 Annaee,
631 447 725 502 quis
755 447 854 489 finis
885 448 998 490 erit?

404 514 494 555 Aut
532 515 567 555 si
603 514 746 556 nullus
784 515 882 557 finis
920 530 1001 558 nec
1030 517 1179 558 modus
1217 517 1450 559 servandus
1487 520 1573 573 est,
1614 533 1694 573 qur
1728 533 1816 561 non

292 581 410 622 addis
440 589 478 623 et
507 586 653 624 similes
682 583 829 624 lituos?
886 583 1031 625 Addas
1062 584 1164 626 licet
1193 593 1231 626 ec
1252 589 1436 626 carmina
1466 594 1562 628 nota
1590 587 1814 629 tubarum2.

292 648 373 690 Sed
403 651 446 690 et
475 649 628 691 loricas
665 652 708 691 et
739 665 867 692 conos
898 652 941 692 et
977 665 1099 693 enses
1141 654 1184 693 et
1213 652 1377 694 balteos
1410 655 1452 695 et
1481 667 1651 695 omnem
1682 668 1816 695 armo-

290 731 384 757 rum
414 717 721 771 supellectilem
752 732 927 773 sequere
938 718 966 760 3.

403 784 657 839 Apollonius
689 787 851 840 autem3
888 800 976 828 non
1014 787 1129 828 enim
1158 786 1335 830 Homeri
1365 789 1709 843 prohoemiorum
1738 803 1817 844 par

291 852 519 893 artificium
550 854 634 907 est3
665 853 919 908 Apollonius
949 853 1139 909 inquam,
1173 855 1245 910 qui
1275 856 1551 911 Argonautas
1583 857 1814 913 scripsitlfi

290 920 477 975 quinque
514 935 560 961 re
593 954 601 962 .
635 954 643 962 .
679 954 687 962 .
723 922 762 962 ,⁵
798 923 1001 976 quattuor
1037 922 1228 964 versibus
1266 925 1437 965 narrat:
1490 925 1593 965 κλέα
1636 927 1816 977 φωτῶν,

292 988 404 1030 viros
434 989 506 1043 qui.
537 988 837 1043 navigassent:
871 989 913 1031 οἳ
942 989 1134 1032 Πόντοιο
1165 992 1272 1033 κατὰ
1302 991 1445 1045 ετόμα,
1477 991 1559 1032 iter
1586 1005 1668 1046 quo
1698 992 1816 1033 navi-

290 1058 484 1111 gassent:
536 1059 732 1110 βαειλῆοε
764 1057 1011 1113 ἐφημοεύνῃ
1041 1058 1227 1108 Πελίαο,
1261 1059 1380 1100 cuius
1410 1058 1588 1113 imperio
1618 1059 1816 1114 navigas—

261 1125 407 1164 sent:
441 1124 646 1174 ἐΰζυγονῦ
676 1125 837 1175 ἤλαεαν
869 1125 1025 1178 Ἀργώ,
1063 1140 1218 1167 navem
1260 1141 1343 1181 qua
1380 1126 1492 1168 vecti
1523 1128 1677 1168 essent.
1737 1126 1816 1168 Isti
1856 1135 1859 1138 ⁴

291 1193 433 1232 autem
462 1193 552 1232 tam
588 1194 776 1233 oratores
818 1207 945 1247 quam
982 1195 1134 1247 poetae
1173 1193 1417 1235 consimile⁷
1456 1194 1624 1235 faciunt
1661 1194 1815 1249 atque⁸

291 1259 524 1300 citharoedi
555 1259 707 1313 solent,
738 1274 868 1301 unam
899 1261 1086 1315 aliquam
1107 1261 1295 1302 vocalem
1316 1261 1505 1302 litteram
1535 1262 1586 1303 de
1607 1261 1814 1303 Henone⁹

289 1325 355 1368 vel
387 1327 437 1367 de
467 1327 643 1368 A’edone
674 1327 818 1368 multis
849 1330 892 1369 et
920 1328 1049 1370 variis
1081 1329 1328 1370 accentibus
1370 1329 1590 1384 [cant]are.

402 1393 513 1442 Quid
544 1407 623 1448 ego
653 1395 878 1436 verborum
907 1396 1049 1437 sordes
1080 1398 1124 1437 et
1152 1396 1351 1438 illuvies?
1381 1397 1482 1451 quid
1511 1397 1642 1438 verba
1671 1397 1815 1438 modu-

288 1461 374 1502 late
406 1461 612 1503 collocata
642 1464 686 1503 et
716 1462 959 1504 effeminate
990 1463 1242 1504 fluentiam?
1275 1497 1283 1505 .
1319 1497 1328 1505 .
1392 1463 1473 1520 [Ibi
1504 1464 1652 1519 igitur]
1687 1497 1696 1505 .
1731 1498 1740 1506 .
1773 1466 1816 1506 et

289 1531 534 1570 aversantes
557 1563 565 1570 .
587 1562 596 1571 .
619 1544 723 1571 nare
750 1530 831 1571 hoc
858 1530 1145 1585 elegantiae¹¹
1163 1545 1313 1585 genus.
1363 1534 1428 1573 Uti
1447 1531 1583 1586 clipeo
1604 1534 1648 1573 te
1669 1531 1815 1573 Achil—

287 1597 340 1638 lis
377 1597 422 1638 in
460 1597 724 1638 orationibus
770 1600 959 1652 oportet,
1011 1612 1099 1639 non
1145 1598 1384 1653 parmulam
1423 1599 1630 1641 ventilare
1677 1614 1815 1654 neque

288 1664 470 1705 hastulis
507 1664 730 1707 histrionis
766 1665 950 1707 luderea.
1012 1667 1163 1720 Aquae
1204 1666 1255 1707 de
1293 1658 1530 1721 sipunculis
1563 1667 1815 1709 concinnius

405 1789 427 1812 a
452 1780 496 1812 In
520 1782 689 1823 momine:
716 1777 843 1823 Clipeo
869 1799 911 1802 —
935 1778 1073 1813 ludere.

402 1872 418 1902 1
444 1869 502 1903 Ita
527 1867 668 1903 Codex:
710 1871 824 1913 Siquis
846 1882 964 1914 pares,
1012 1868 1245 1904 Heindorfius
1276 1868 1447 1913 requirit:
1491 1873 1689 1905 Accumulat
1715 1885 1815 1916 quar-

288 1933 342 1960 tae
367 1929 524 1970 quintam.
575 1924 747 1959 Orcllius:
780 1930 965 1960 accumulat
989 1939 1119 1971 quoque
1145 1930 1303 1971 quintam.

399 1985 420 2015 2
444 1981 524 2016 Iam
547 1980 771 2015 Niebuhrius
796 1981 892 2016 hunc
916 1992 1063 2016 versum
1089 1993 1170 2016 esse
1194 1982 1298 2017 vidit.

401 2043 421 2072 3
445 2037 541 2071 Imo:
567 2050 751 2082 eaeequere.
801 2041 1015 2072 Niebulzrius.

400 2096 422 2127 4
446 2092 581 2137 Incipit
605 2092 692 2128 Cod.
723 2105 759 2137 p.
786 2097 863 2129 343.

401 2152 421 2184 5
446 2148 584 2194 Supplc
614 2161 727 2183 unum
757 2160 903 2184 versum
933 2161 1015 2184 cum
1046 2150 1209 2186 dimidio.
1259 2151 1388 2196 Neque
1418 2151 1534 2196 igitur
1565 2152 1701 2187 sufficit
1731 2159 1825 2187 cum¹

286 2205 491 2240 Niebuhrio
517 2205 695 2240 scribere:
720 2219 777 2240 res
802 2210 967 2241 diversas.

400 2266 420 2297 6
444 2261 546 2296 Haec
570 2263 628 2296 est
650 2262 760 2297 lectio
785 2262 884 2297 Maii.
934 2262 992 2297 Du
1015 2263 1110 2298 Rieu
1134 2263 1243 2299 vidit:
1275 2268 1492 2309 naviqassent
1517 2293 1809 2300 .........

289 2347 294 2353 .
324 2348 330 2354 .
360 2347 366 2353 .
394 2317 658 2353 CUIREINAU
689 2347 1015 2354 ..........
1048 2322 1202 2364 ἤλαεαν.
1251 2321 1382 2364 Itaque
1413 2320 1639 2356 Frontonem
1670 2321 1812 2356 dedisse

287 2374 467 2420 suspicor:
494 2376 587 2418 μετὰ
611 2378 724 2419 κῶας,
749 2379 803 2410 cui
825 2380 879 2411 rei
903 2379 1135 2422 naviyassent:
1168 2379 1310 2421 ἤλαεαν
1335 2379 1404 2412 cet.
1439 2378 1518 2413 Hac
1541 2377 1686 2413 ratione
1712 2378 1813 2422 quin-

251 2475 253 2478 ,
286 2442 357 2475 que
381 2443 440 2467 res
467 2432 702 2468 constabunt.
751 2431 870 2467 Maius
893 2432 930 2467 in
955 2432 1022 2468 Ed.
1049 2433 1196 2468 Mediol.
1221 2434 1298 2469 fere
1324 2434 1455 2469 eodem
1479 2435 1601 2470 modo.

400 2492 419 2523 7
446 2487 534 2523 Cod.
558 2500 613 2533 pr.
641 2500 688 2523 m.
709 2493 905 2524 consimiles.

398 2549 419 2580 8
445 2545 585 2580 Codex:
611 2551 647 2579 ut
673 2558 769 2590 quae.

399 2605 419 2636 9
443 2602 501 2636 An
527 2605 726 2637 Haemone?
759 2602 1038 2648 Peerlkampius
1062 2602 1099 2637 in
1117 2602 1246 2639 Horat.
1274 2603 1350 2638 Sat.
1376 2614 1412 2648 p.
1430 2608 1474 2639 38
1497 2603 1607 2649 legit:
1633 2607 1675 2639 de
1701 2606 1809 2639 Inone

286 2665 318 2692 e!
344 2661 503 2693 Atlonz‘de
533 2676 569 2683 ——
597 2661 737 2693 iterare.

379 2719 419 2749 10
442 2712 544 2749 Haec
569 2714 753 2750 sententia
782 2715 819 2750 in
843 2717 948 2750 textu
971 2716 1099 2761 periit,
1135 2716 1198 2752 sed
1229 2718 1388 2762 apparet
1417 2716 1454 2750 in
1484 2716 1663 2761 margine.
1714 2716 1809 2751 Tum

285 2767 414 2814 incipit
431 2771 549 2806 altera
567 2771 747 2815 columna,
765 2783 859 2816 quae
876 2773 1005 2816 nequit
1021 2773 1095 2817 legi
1111 2774 1261 2818 praeter
1278 2772 1556 2807 adnotationem
1573 2772 1612 2807 in
1629 2772 1806 2818 margine.

379 2831 415 2861 ll
443 2827 671 2862 Ecksteinius
698 2828 846 2863 coniicit
870 2833 1091 2874 eloquentiae.
1191 2827 1193 2829 ’
