1968 3158
438 157 504 195 AD
529 157 578 195 M.
598 156 856 195 CAESAREM
881 158 943 195 ΕΤ
969 158 1172 197 INVICEM
1197 155 1341 195 LIBER
1365 154 1444 192 IIII.
1663 163 1718 206 75

175 276 228 319 ad
258 275 371 319 filiae
402 277 501 317 tuae
532 274 791 330 periculum:
830 289 926 316 cum
957 275 1115 331 alioqui
1145 277 1188 318 te
1219 275 1390 331 quidem
1419 276 1541 331 mihi,
1583 277 1716 319 filiam

175 359 274 388 vero
304 346 424 387 tuam
455 343 586 386 etiam
615 343 696 386 tibi
707 352 738 398 ³,
772 345 820 385 ut
849 357 929 398 par
959 345 1037 398 est,
1080 343 1356 399 superstitem
1389 345 1571 401 cupiam.
1634 345 1717 389 sed

174 414 280 456 heus
310 415 358 455 tu
389 412 566 467 videbis,
600 428 654 455 ne
685 412 849 454 delator
877 411 1051 467 existas7
1083 426 1191 454 neve
1212 412 1372 455 indicio
1393 418 1570 469 pareas¹
1603 415 1717 471 apud

174 482 328 537 filiam,
367 481 490 537 quasi
520 495 619 523 vcro
650 494 730 537 ego
767 482 811 522 te
837 480 868 536 1²
898 495 1026 535 quam
1063 479 1183 522 illam
1212 481 1352 536 magis
1379 481 1570 538 diligam.
1603 482 1718 526 Nam

173 550 414 608 periculum
445 551 524 604 est,
555 564 611 591 116
633 548 719 608 ,6113
751 563 801 591 ea
831 562 876 590 re
907 548 996 590 filia
1027 550 1103 590 tua-
1135 551 1360 604 commota,
1404 550 1476 592 ut⁴
1517 553 1582 594 est
1619 566 1716 608 gra-

176 619 238 662 vis
269 621 313 662 et
343 619 485 675 prisca
514 617 692 672 femina,
724 616 920 673 poscenti
950 616 1057 658 mihi
1087 631 1240 659 manus
1278 619 1321 659 et
1355 618 1530 673 plantas
1561 620 1615 662 ad
1652 635 1716 662 sa-

174 688 380 731 viandum
410 701 460 729 ea
501 701 630 729 causa
667 685 819 727 iratior
856 684 1084 727 subtrahat
1122 687 1197 727 aut
1234 687 1456 741 gravatius
1499 689 1716 745 porrigat:

176 756 295 799 cuius
326 769 406 811 ego
437 755 532 797 dei⁵
562 754 684 797 boni!
717 768 870 795 manus
901 752 1099 808 parvolas
1130 753 1387 810 plantasque
1417 755 1514 798 illas
1544 757 1716 813 pingui-

175 824 292 867 culas
330 826 423 866 tum
461 823 666 866 libentius
713 821 993 864 exosculabor
1040 836 1168 877 quam
1214 824 1309 865 tuas
1351 824 1535 867 cervices
1574 826 1716 882 regias

172 895 378 949 tumnque
411 907 457 935 os
487 891 670 948 probum
701 892 746 933 et
773 890 976 933 facetum.
1194 899 1203 906 '

651 1004 800 1050 XIII.
845 1004 1077 1059 Magistro
1109 1004 1227 1048 Meo.

288 1098 334 1143 C.
366 1098 591 1141 Aufidius⁶
622 1097 787 1140 animos
817 1096 955 1152 tollit,
997 1096 1255 1139 arbitratum
1297 1111 1422 1139 suum
1464 1099 1511 1141 in
1551 1100 1717 1142 caelum

171 1169 277 1211 fert:
309 1170 445 1224 negat
482 1181 527 1210 se
557 1166 776 1209 hominem
805 1165 1042 1220 iustiorem,
1075 1179 1131 1207 ne
1161 1165 1265 1221 quid
1295 1165 1616 1210 immoderatius
1656 1169 1716 1211 di-

174 1252 281 1292 cam,
315 1252 366 1279 ex
396 1235 577 1280 Umbria
606 1234 743 1276 ullum
773 1234 905 1276 alium
935 1233 1119 1276 Romam
1150 1234 1331 1276 venisse.
1373 1233 1484 1285 Quid
1515 1237 1746 1292 quaeris?

171 1306 357 1348 iudicem
387 1320 432 1347 se
462 1311 604 1360 quani*
621 1305 836 1346 oratorem
864 1302 955 1345 volt
984 1302 1174 1345 laudari:
1214 1318 1311 1345 oum
1346 1304 1477 1359 rideo,
1512 1305 1716 1361 despicit:

171 1374 299 1418 facile
345 1388 436 1416 esse
479 1373 540 1415 ait
584 1372 843 1415 oscitantem
885 1370 1017 1414 iudici
1059 1371 1264 1426 assidere,
1313 1374 1503 1415 ceterum
1545 1375 1717 1429 quidem

171 1444 361 1486 iudicare
391 1442 662 1499 praeclarum
691 1455 811 1497 opus;
853 1439 974 1482 Haec
1004 1441 1051 1482 in
1081 1454 1162 1482 1116.
1201 1439 1284 1483 Sed
1313 1442 1461 1484 tamen
1492 1443 1717 1498 negotium

172 1512 282 1555 belle
313 1526 357 1554 se
388 1511 517 1553 dedit.
551 1510 733 1564 Benest3
779 1509 958 1565 gaudeo.
991 1508 1108 1551 Tuus
1140 1509 1349 1551 adventus
1380 1525 1448 1552 me
1481 1525 1578 1553 cum
1599 1511 1713 1566 beat,

171 1580 290 1623 tum⁷
322 1579 546 1623 sollicitat:
580 1593 654 1621 cur
684 1578 795 1632 beet²
838 1591 964 1619 nemo
995 1579 1199 1633 quaerat3
1237 1591 1365 1633 quam
1396 1578 1451 1620 ob
1481 1594 1572 1622 rem
1603 1579 1715 1622 solli-

173 1650 291 1705 citet,
340 1663 419 1705 ego
450 1647 614 1690 medius
645 1646 771 1688 fidius
807 1646 978 1688 fatebor
1012 1645 1106 1688 tibi.
1138 1646 1254 1689 Nam
1292 1648 1404 1703 quod
1441 1648 1717 1690 scribendum

172 1717 342 1773 dedisti,
373 1731 429 1759 ne
460 1715 684 1772 paululum
705 1715 877 1771 quidem
907 1729 1061 1770 operae
1093 1715 1145 1770 61,
1170 1715 1364 1771 quamvis
1395 1716 1570 1771 otiosus,
1604 1716 1714 1759 dedi.

172 1785 419 1829 Aristonis8
449 1784 547 1829 libri
570 1799 637 1827 me
658 1784 741 1826 hac
760 1785 1019 1839 tempestate
1040 1783 1150 1826 bene
1177 1784 1410 1839 accipiunt⁷
1444 1786 1572 1841 atque
1602 1785 1717 1827 idem
1795 1810 1799 1815 ·

172 1855 337 1897 habent
372 1853 506 1896 male:
548 1868 645 1896 cum
681 1853 838 1895 docent
874 1852 1065 1907 meliora,
1112 1853 1206 1893 tum
1243 1852 1408 1894 scilicet
1451 1853 1561 1895 bene
1607 1854 1716 1896 acci-

172 1925 321 1980 piunt3
354 1937 451 1965 cum
480 1936 580 1965 vero
610 1921 864 1976 ostendunt,
898 1922 1107 1977 quantum
1138 1920 1192 1962 ab
1222 1920 1289 1962 his
1319 1920 1566 1964 melioribus
1595 1922 1715 1978 inge-

173 1992 351 2048 1111111119
372 2005 515 2033 111611111
554 1990 753 2033 relictum
791 1990 869 2044 sit,
908 1989 1038 2031 nimis
1076 2004 1205 2045 quam
1245 2004 1372 2046 saepe
1404 1989 1618 2032 erubescit
1656 1990 1716 2032 di-

172 2060 375 2117 scipulus
400 2061 500 2101 tuus
539 2059 705 2115 sibique
747 2060 980 2113 suscenset,
1021 2058 1133 2114 quod
1163 2058 1321 2114 viginti
1359 2058 1548 2114 quinque
1585 2062 1716 2101 natus

173 2144 310 2173 annos
347 2127 562 2170 nihildum
606 2128 818 2170 bonarum
858 2126 1112 2183 opinionum
1158 2129 1201 2169 et
1237 2127 1461 2183 puriorum
1498 2127 1716 2171 rationum

232 2292 238 2298 ,
288 2267 311 2292 a
334 2257 379 2290 In
404 2258 573 2300 margine:
599 2254 654 2290 Te
679 2253 831 2299 quidem
856 2274 900 2279 —
925 2252 1164 2299 superstitem
1191 2251 1377 2299 [cupiam].

291 2385 307 2416 1
333 2380 485 2420 Lachm.
511 2380 561 2416 ad
583 2380 729 2415 Lucret.
755 2392 791 2425 p.
806 2382 890 2416 405:
915 2390 1022 2416 meve
1046 2378 1335 2425 indicio-prodas
1352 2399 1395 2406 —
1413 2382 1513 2425 quasi
1535 2390 1621 2415 vere
1639 2393 1711 2424 ngo.

287 2442 307 2473 2
332 2437 468 2483 Incipit
493 2436 582 2472 Cod.
607 2436 693 2473 Vae.
719 2449 756 2482 p.
778 2439 853 2472 138.

288 2499 309 2531 3
334 2493 429 2530 Add.
455 2505 555 2539 supr.
580 2492 642 2528 lin.

287 2556 309 2588 4
331 2550 427 2586 Add.
454 2561 525 2586 sec.
551 2562 600 2585 m.

288 2613 309 2645 5
335 2608 414 2644 Sec.
440 2619 508 2643 m.:
535 2610 580 2643 di.
1262 2642 1289 2649 „

288 2670 308 2701 6
332 2664 577 2708 Pisaurensis,
614 2664 656 2699 ut
687 2663 843 2700 videtur.
893 2664 1008 2700 Duxit
1036 2664 1234 2702 Frontonis
1264 2664 1388 2703 filiam.
1439 2664 1483 2700 cf.
1516 2663 1632 2712 Epist.
1665 2663 1714 2702 ad

146 2725 148 2727 ’
173 2723 290 2760 Amic.
315 2723 361 2766 II,
380 2726 432 2758 10.

289 2784 308 2816 7
334 2778 475 2815 Codex:
502 2781 642 2814 beatum.
694 2777 796 2814 Corr.
822 2777 951 2814 Maius.

288 2841 309 2873 8
334 2836 378 2872 cf.
406 2835 514 2881 Diog.
539 2835 660 2871 Laert.
687 2834 767 2879 VII,
785 2840 815 2870 2.

289 2898 310 2930 9
334 2892 468 2940 Incipit
493 2891 581 2930 cod.
607 2892 692 2929 Vat.
719 2905 754 2940 p.
777 2897 852 2931 137.
