1968 3158
220 182 285 213 XX
798 159 1172 198 PROLEGOMENA.

219 284 427 337 tionibus,
474 295 540 323 res
582 278 849 322 incommoda
893 275 1063 332 quidem
1108 277 1194 331 est,
1241 289 1343 317 nam
1387 274 1554 317 numeri
1596 274 1680 317 mei
1721 289 1746 316 a

220 351 402 394 Maianis
440 349 685 404 plerumque
723 346 988 400 discrepant,
1032 337 1108 386 sed
1148 376 1169 388 λ
1186 344 1285 399 quia
1329 343 1377 384 in
1420 343 1616 398 principe
1661 342 1745 385 edi-

219 421 335 461 tione
381 417 607 459 coniuncta
652 416 753 456 sunt
797 428 847 455 ea
891 427 1000 468 quae
1047 411 1238 467 separari
1284 411 1442 453 debent
1479 413 1522 452 et
1570 410 1746 453 diversis

219 487 322 528 locis
366 486 569 540 leguntur
606 497 713 538 quae
753 482 1005 535 cohaerent,
1055 482 1226 522 coactus
1270 479 1355 522 feci
1399 478 1511 534 quod
1553 483 1746 520 necessa-

220 555 329 595 rium
360 554 466 594 erat.

331 620 554 662 Librorum
582 619 731 661 titulos
752 618 824 674 qui
857 619 1088 673 supersunt
1117 631 1214 658 mox
1246 615 1474 669 exhibebo,
1505 613 1746 670 principem

220 689 358 731 locum
394 689 547 729 tenent
575 686 804 729 Frontonis
844 685 1048 740 epistolae
1089 684 1142 726 ad
1172 684 1230 726 M.
1263 683 1537 725 Antoninum
1568 684 1612 723 et
1640 681 1747 723 invi-

222 772 334 811 cem,
368 769 547 811 quarum
577 755 764 810 quinque
794 754 895 795 libri
925 754 1027 795 sunt
1059 753 1112 794 ad
1142 752 1200 793 M.
1234 751 1480 805 Caesarem,
1523 750 1604 792 duo
1634 750 1748 804 iique

219 825 348 866 laceri
388 824 441 866 ad
479 823 673 865 Marcum
709 822 1030 877 Imperatorem.
1076 819 1349 875 ‘Temporum
1379 819 1590 860 rationem
1619 817 1748 859 libra-

220 893 307 934 rius
337 891 500 934 nullam
530 891 699 945 habuit3
737 890 881 945 itaque
896 923 907 944 ,
947 887 1073 931 simul
1111 889 1160 929 ut
1197 887 1378 929 lectores
1415 887 1502 928 iam
1540 886 1594 927 ab
1623 885 1749 926 initio

221 961 299 1002 sub
335 974 421 1002 uno
461 960 691 1014 conspectu
723 958 990 1000 considerare
1019 956 1200 1011 possint,
1246 955 1347 1011 quid
1388 954 1513 996 nobis
1550 955 1749 995 renatum

222 1029 299 1083 sit,
338 1042 427 1069 non
456 1025 609 1068 inutile
640 1028 705 1067 est
733 1025 876 1067 videre
907 1025 957 1066 de
987 1026 1200 1079 tempore,
1233 1038 1316 1079 quo
1353 1021 1550 1077 singulae
1578 1021 1749 1076 Episto-

220 1097 286 1138 lae
317 1096 501 1150 scriptae
532 1094 631 1135 sint.
694 1093 803 1136 Sunt
833 1093 1008 1148 aliquot,
1046 1092 1092 1133 in
1123 1091 1276 1146 quibus
1307 1089 1467 1132 indicia
1497 1089 1601 1130 satis
1634 1090 1751 1130 certa

222 1163 447 1217 deficiunt,
487 1161 765 1222 seddearum,
812 1175 992 1216 quarum
1031 1159 1160 1201 series
1200 1158 1368 1200 definiri
1405 1159 1567 1213 potest,
1612 1156 1752 1212 prima

221 1231 387 1273 videtur
418 1244 508 1271 esse
537 1229 633 1283 illa,
673 1243 781 1284 quae
818 1240 935 1270 nunc
971 1227 1111 1283 prima
1142 1228 1208 1268 est
1236 1226 1283 1268 in
1311 1225 1440 1267 tertio
1465 1225 1576 1267 libro
1607 1225 1660 1266 ad
1690 1223 1749 1266 M.

223 1299 460 1341 Gaesarem.
523 1296 694 1352 Scripta
725 1298 811 1352 est,
843 1297 890 1338 m‘
928 1295 1075 1350 fallor,
1115 1294 1188 1337 ΑΟ.
1223 1293 1326 1348 139,
1366 1293 1594 1348 postremis
1633 1307 1751 1334 men-

223 1366 362 1420 sibus,
412 1380 507 1407 cum
559 1364 720 1406 Fronto
770 1365 860 1406 fere
905 1363 1220 1419 quinquaginta
1265 1375 1400 1404 annos
1444 1363 1573 1403 natus
1624 1362 1749 1415 esset,

223 1435 380 1489 quippe
417 1433 486 1488 qui
518 1434 604 1473 iam
643 1433 722 1473 sub
751 1431 964 1474 Hadriani
993 1430 1240 1486 principatu
1270 1430 1384 1471 inter
1413 1429 1630 1471 Romanos
1661 1443 1753 1470 ora-

222 1504 335 1543 tores
370 1502 555 1555 primum
584 1500 725 1541 locum
761 1500 1038 1554 obtinuisset,
1079 1513 1175 1540 cum
1211 1512 1299 1539 non
1331 1497 1557 1539 admodum
1585 1496 1752 1539 iuvenis

223 1568 378 1610 litteris
410 1583 582 1623 operam
613 1568 714 1608 dare
746 1567 967 1623 coepisset.
1011 1566 1070 1608 M.
1090 1565 1273 1620 Caesar,
1305 1565 1378 1620 qui
1408 1567 1558 1620 postea
1578 1564 1637 1606 M.
1661 1563 1751 1605 An-

223 1637 399 1678 toninus
429 1628 712 1690 Philosophus
742 1635 839 1690 fuit,
874 1649 1036 1677 annum
1057 1634 1215 1690 agebat
1242 1633 1618 1687 undevicesimum,
1650 1647 1753 1674 nam

223 1707 350 1745 natus
389 1706 454 1745 est
490 1704 563 1744 ΑΟ.
600 1703 676 1744 121
717 1703 784 1744 die
821 1705 941 1745 sexto
975 1702 1071 1744 Kal.
1111 1701 1237 1756 Mai.;
1281 1701 1400 1743 brevi
1443 1702 1543 1742 ante
1574 1701 1753 1742 duxerat

224 1772 475 1813 Faustinam
505 1772 548 1812 et
576 1772 681 1812 tunc
712 1773 985 1825 quaesturam
1015 1770 1206 1826 gerebat.
1256 1768 1439 1811 Videtur
1470 1767 1646 1822 Caesar,
1680 1767 1752 1822 qui

225 1839 352 1893 paulo
383 1840 483 1879 ante
512 1839 559 1878 in
588 1838 818 1880 Frontonis
846 1838 1122 1894 disciplinam
1152 1837 1316 1879 delatus
1332 1838 1453 1891 verat,
1487 1850 1537 1878 ex
1567 1835 1752 1877 lectione

226 1908 417 1946 veterum
454 1907 677 1959 poetarum
715 1907 757 1946 et
793 1905 1070 1959 scriptorum,
1117 1919 1221 1959 quos
1251 1904 1412 1946 Fronto
1457 1919 1554 1946 cum
1600 1902 1752 1945 ceteris

229 1972 474 2027 aequalibus
505 1971 696 2025 impense
727 1972 1031 2026 admirabatur,
1063 1972 1110 2012 in
1141 1972 1374 2026 scriptione
1395 1971 1592 2026 quadam,
1625 1985 1753 2026 quam

227 2039 434 2093 magistro
464 2038 690 2093 obtulerat,
722 2038 862 2080 verbis
892 2053 992 2080 usus
1023 2053 1113 2080 esse
1137 2039 1272 2096 'nimis
1302 2039 1456 2094 priscis
1487 2041 1531 2080 et
1561 2053 1585 2079 a
1615 2039 1752 2093 quoti-

229 2106 356 2151 diano
385 2120 464 2146 usu
493 2106 679 2147 remotis.
741 2105 899 2148 Suadet
925 2105 1143 2161 magister
1181 2105 1374 2160 Caesari,
1414 2107 1463 2147 ut
1501 2105 1753 2160 simpliciter

230 2173 362 2214 dicat:
421 2172 522 2214 olim
571 2173 618 2214 in
667 2175 818 2215 senatu
865 2173 932 2215 vel
979 2173 1026 2215 in
1078 2172 1276 2215 contione
1319 2187 1420 2215 usus
1474 2175 1567 2214 erat
1603 2173 1753 2214 verbis

228 2240 391 2281 idoneis
437 2242 480 2281 et
524 2255 549 2281 a
592 2240 748 2295 populo
800 2241 1005 2296 probatis.
1080 2239 1229 2282 Brevis
1282 2254 1448 2296 quoque
1497 2242 1590 2282 erat
1635 2240 1750 2282 inter

229 2310 454 2362 utrumque
484 2307 652 2362 notitia,
686 2323 782 2349 cum
812 2307 968 2350 Caesar
998 2308 1204 2350 scriberet
1235 2308 1359 2363 epist.
1391 2308 1471 2362 III,
1503 2309 1544 2349 2.
1590 2307 1752 2350 Fronto

230 2377 502 2416 accusaturus
543 2377 634 2427 erat
669 2375 883 2418 Herodem
921 2376 1138 2430 Atticum,
1186 2376 1258 2430 qui
1301 2375 1526 2418 Gaesarem
1566 2375 1752 2418 Graecas

228 2442 394 2483 litteras
415 2441 607 2484 docebat.
638 2442 903 2499 Quamquam
922 2443 1159 2499 periculum
1180 2445 1257 2497 est,
1280 2457 1335 2484 ne
1350 2442 1558 2484 Frontoni
1580 2443 1752 2498 „audax

228 2509 462 2564 puerulus“
491 2509 685 2552 videatur
715 2525 805 2553 esse
834 2537 890 2543 —-
919 2511 1031 2553 unde
1070 2511 1210 2553 efficio
1241 2510 1479 2565 Caesarem,
1513 2525 1609 2552 cum
1646 2510 1752 2552 haec

231 2577 453 2631 scriberet,
496 2576 721 2620 admodum
757 2578 888 2621 fuisse
919 2579 1233 2621 adolescentem
1258 2572 1324 2611 ⁸——
1354 2578 1553 2620 hortatur
1589 2566 1749 2633 tamen,

230 2659 284 2685 ne
313 2645 517 2699 magister
546 2645 592 2686 in
623 2646 861 2688 accusando
899 2646 1138 2688 convicium
1168 2645 1329 2688 Herodi
1365 2647 1508 2688 facere
1545 2645 1668 2700 velit3
1706 2660 1751 2688 se

230 2710 387 2752 Herodi
426 2712 538 2754 idem
568 2713 787 2768 scripsisse
818 2716 862 2756 et
890 2714 1206 2770 impetravisse,
1238 2728 1294 2756 ne
1322 2713 1544 2756 inimicum
1573 2712 1751 2755 lacesse—

232 2780 310 2818 ret.
370 2778 614 2834 Respondet
649 2779 808 2823 Fronto
838 2781 885 2822 in
916 2782 1037 2837 epist.
1070 2780 1157 2836 ΙΠ,
1189 2782 1238 2836 3,
1278 2795 1406 2837 quam
1442 2780 1590 2822 statim
1620 2795 1751 2836 agno-

233 2859 323 2886 sces
355 2860 448 2887 cum
469 2846 630 2888 duabus
652 2849 938 2903 superioribus
958 2851 1056 2904 post
1076 2863 1294 2891 excessum
1313 2847 1525 2890 Hadriani
1546 2849 1751 2904 scriptam
