1968 3158
539 195 603 231 AD
629 195 677 231 M.
698 194 956 232 CAESAREM
980 193 1043 231 ΕΤ
1069 186 1274 230 lNVICEM
1298 193 1444 229 LIBER
1468 193 1511 228 ΙΙ.
1734 193 1791 235 25

246 314 385 356 mater
421 314 497 354 tua
535 314 582 354 ut
618 312 789 367 opicum
821 313 1083 354 contemnat.
1139 311 1246 353 Vale
1278 309 1462 352 Domine
1494 310 1546 354 et
1566 308 1695 350 matri
1725 322 1788 350 sa—

247 382 363 426 vium
393 381 460 437 da,
496 396 593 425 cum
623 380 853 439 epistulam
884 379 1019 434 dabis,
1052 394 1135 437 quo
1166 379 1372 423 libentius
1404 377 1562 437 legat¹.

540 625 634 680 (M.
667 624 1034 689 CORNELII
1071 624 1496 679 FRONTONIS

289 708 741 795 EPISTULARUM
775 739 864 788 AD
900 739 964 788 M.
991 737 1333 787 CAESAREM
1367 739 1448 787 ET
1486 737 1757 787 mvicEM

812 851 847 894 L
867 851 889 895 I
910 851 947 894 B
968 851 1006 894 E
1028 851 1068 894 R
1117 851 1223 908 II.)2
1255 888 1267 892 -

555 1003 597 1047 Ι.
639 995 864 1060 (Domino
894 1001 997 1045 Meo
1030 1001 1224 1046 Caesari
1256 990 1479 1056 Front0.)

361 1095 700 1138 3Posterioribus
730 1086 905 1136 litteris‘
918 1094 1029 1147 tuis,
1065 1107 1140 1136 cur
1170 1092 1411 1134 orationem
1441 1093 1488 1133 in
1519 1093 1672 1133 senatu
1703 1105 1792 1133 non

245 1164 537 1219 recitaverim,
577 1163 810 1219 requisisti.
872 1162 935 1204 At
972 1177 1052 1218 ego
1091 1165 1135 1204 et
1173 1162 1312 1204 edicto
1352 1160 1516 1217 gratias
1548 1174 1676 1216 agere
1707 1159 1791 1201 Do-

244 1233 362 1276 mino
399 1247 494 1275 meo
533 1233 648 1288 patri
684 1234 759 1274 tuo
791 1231 945 1286 debeo3
989 1230 1063 1273 sed
1102 1230 1290 1287 edictum
1326 1229 1498 1285 quidem
1530 1228 1792 1271 circensibus

244 1301 404 1344 nostris
442 1315 702 1357 proponam,
749 1300 869 1342 cuius
901 1299 1172 1356 ‘principium
1208 1299 1252 1340 id
1282 1298 1425 1353 ipsum
1456 1298 1557 1360 erit:
1588 1323 1646 1329 -—
1678 1297 1792 1347 Qua⁴

168 1378 171 1379 ’
245 1374 315 1417 die,
336 1374 515 1423 primum
545 1374 738 1421 beneficio
768 1373 941 1412 maximi
961 1372 1170 1422 principis
1200 1371 1360 1409 ederem
1390 1370 1665 1420 spectaculum
1696 1381 1792 1418 qra-

182 1487 191 1495 ·
243 1443 435 1482 tissimum
458 1443 616 1492 populo
636 1443 893 1491 maximeque
905 1441 1126 1491 populare,
1158 1440 1429 1489 tempestivom
1450 1439 1617 1478 duxisse
1632 1439 1795 1487 qratias

246 1521 372 1560 aqere
401 1514 445 1550 ut
475 1511 579 1550 idem
610 1511 696 1550 dies
730 1533 788 1539 ——
826 1506 898 1548 hic
929 1506 1071 1561 aliqua
1110 1507 1314 1560 sequatur
1343 1503 1528 1546 tulliana
1560 1503 1790 1545 conclusio.

247 1576 501 1619 Orationem
531 1579 676 1618 autem
705 1576 752 1617 in
784 1577 938 1617 senatu
969 1574 1160 1616 recitabo
1182 1573 1377 1629 augustis
1398 1572 1554 1614 idibus.
1603 1571 1793 1621 Quaeras

245 1645 430 1704 fortasse
463 1659 537 1687 cur
566 1643 749 1686 tarde5‘?
787 1643 991 1699 quoniam
1021 1657 1102 1698 ego
1132 1656 1369 1697 numquam
1398 1640 1611 1696 primum6
1650 1640 1793 1682 officio

246 1713 443 1756 sollemni
483 1727 652 1769 quoquo
682 1712 807 1754 modo
836 1711 964 1766 fungi
994 1725 1190 1766 propero.
1251 1709 1356 1764 Sed,
1398 1711 1446 1750 ut
1483 1711 1627 1750 tecum
1665 1722 1793 1764 agere

247 1782 380 1824 debeo
411 1782 504 1824 sine
533 1781 633 1823 fuco
673 1782 716 1822 et
745 1780 839 1822 sinc
870 1779 1148 1835 ambagibus,
1197 1778 1338 1819 dicam
1378 1777 1481 1833 quid
1521 1791 1618 1819 cum
1649 1776 1794 1819 animo

245 1865 340 1893 meo
371 1852 580 1905 reputem.
621 1849 778 1891 Divom
798 1847 1072 1889 Hadrianum
1093 1861 1217 1888 avom
1237 1848 1360 1888 tuum
1379 1845 1552 1887 laudavi
1573 1846 1620 1887 in
1640 1847 1794 1887 senatu

247 1933 554 1974 saepenumero
585 1917 727 1960 studio
757 1917 940 1972 inpenso
972 1918 1015 1958 et
1045 1929 1259 1971 propenso
1289 1928 1476 1970 quoque:
1510 1916 1554 1956 et
1578 1916 1680 1956 sunt
1702 1929 1793 1955 ora—

247 1989 387 2030 tiones
418 1987 527 2029 istae
557 1987 804 2041 frequentes
835 1985 882 2026 in
911 1985 1103 2026 omnium
1141 1983 1356 2025 manibus.
1419 1982 1691 2024 Hadrianum
1723 1997 1793 2023 au-

247 2058 336 2098 tem
357 2070 451 2111 ego,
484 2055 597 2111 quod
626 2055 740 2096 bona
770 2053 899 2095 benia
929 2052 1105 2108 pietatis
1130 2054 1229 2093 tuae
1251 2051 1415 2093 dictum
1436 2051 1505 2105 sit,
1539 2053 1588 2092 ut
1609 2050 1795 2092 Martem

248 2124 501 2178 Gmdivom,
541 2125 590 2165 ut
627 2122 775 2164 Ditem
805 2122 1000 2175 Patrem,
1039 2120 1276 2176 propitium
1314 2121 1357 2162 et
1394 2119 1627 2174 placatum·
1653 2119 1794 2174 magis

249 2193 376 2247 volui,
409 2207 538 2248 quam
569 2191 723 2233 amavi.
782 2189 982 2240 Quare7‘?
1012 2190 1113 2245 quia
1144 2189 1198 2230 ad
1220 2189 1452 2230 amandum
1473 2188 1630 2230 fiducia
1651 2187 1795 2243 aliqua

364 2310 382 2341 1
409 2305 583 2351 Sequitur
619 2306 764 2341 Graeca
804 2304 980 2350 epistola,
1029 2314 1124 2348 quae
1162 2302 1401 2338 continuatur
1436 2301 1611 2337 Vaticani
1649 2300 1794 2336 Codicis

248 2375 284 2409 p.
305 2366 369 2398 166
395 2363 433 2407 et
458 2366 534 2398 165.
567 2362 708 2397 Iterum
731 2361 870 2406 legitur
893 2361 988 2396 haec
1013 2359 1172 2405 epistola
1195 2359 1234 2394 in
1258 2359 1431 2394 Ambros.
1459 2358 1547 2393 Cod.
1567 2370 1603 2403 p.
1623 2362 1703 2393 157:
1730 2357 1794 2392 illo

248 2419 331 2455 loco
357 2419 532 2455 exhibere
559 2430 642 2454 eam
666 2418 781 2453 malui
806 2429 890 2453 cum
915 2416 1049 2453 ceteris
1075 2414 1246 2462 epistolis
1273 2415 1437 2452 Graecis.

364 2480 383 2510 2
408 2475 478 2510 Hic
501 2477 579 2511 fere
604 2474 786 2520 incepisse
818 2474 972 2510 coniicio
1010 2474 1170 2510 alt-erum
1193 2473 1347 2516 librum,
1379 2472 1446 2508 sed
1475 2471 1613 2507 indicia
1643 2481 1796 2516 prorsus

251 2533 354 2567 certa
378 2532 521 2567 desunt.

365 2593 385 2624 3
410 2587 544 2633 Incipit
569 2587 762 2630 Cod.,Vat.
788 2600 824 2633 p.
844 2591 917 2623 160.
969 2586 1140 2632 Spatium
1165 2597 1322 2621 vacuum
1346 2585 1459 2625 unius,
1471 2596 1611 2627 versus,
1636 2585 1796 2620 fortasse

252 2646 299 2681 ob
325 2645 561 2681 scribendum
587 2644 769 2690 epistolae
793 2644 956 2679 titulum.

363 2706 385 2737 4
410 2702 468 2737 Ita
493 2701 628 2738 Codex.

366 2763 387 2794 5
411 2758 602 2794 Fortasse:
628 2771 689 2793 cur
714 2765 780 2793 tam
806 2761 917 2792 tarde.
962 2759 1119 2792 Orellius.

367 2820 387 2850 6
413 2814 571 2851 Orellius
603 2814 762 2850 mavult:
794 2818 937 2860 primum
968 2817 1123 2860 quoniam
1148 2827 1210 2858 eqo
1236 2827 1268 2848 u.
1294 2823 1324 2849 ο.
1385 2812 1587 2858 Hauptius:
1622 2827 1796 2858 numquam

254 2887 352 2919 quam
375 2876 527 2918 primum.

368 2934 386 2966 7
412 2929 471 2965 Ita
494 2941 626 2966 revera
650 2929 689 2964 in
712 2930 819 2965 textu
842 2928 992 2975 legitur,
1019 2939 1247 2974 quamquam
1272 2929 1389 2973 negat
1412 2927 1543 2963 Maius.
