1968 3158
257 146 340 187 272

258 257 468 302 Imaginum
497 257 608 301 plena
640 255 800 301 epistula
830 259 895 291 239
920 266 1000 300 sqq.

259 313 467 357 imaginum
492 312 556 356 qui
581 312 629 346 sit
656 324 743 346 usus
767 315 821 346 46.

259 368 525 404 Immortalitas
550 368 759 403 animorum
783 372 860 403 233.

260 424 420 459 Infantia
453 422 651 460 Caesarum
683 424 834 459 Tiberio
867 425 904 459 et
934 424 1004 459 Ve-

304 481 475 526 spasiano
499 481 780 516 interiectorum
807 485 881 516 123.

260 537 424 572 invidiae
448 537 592 572 indoles
617 541 670 572 59.
699 540 776 571 204.
804 541 880 572 209.

259 594 318 628 Ius
342 593 547 629 liberorum
571 593 609 627 in
634 593 830 628 sortiendis
858 593 1004 639 provin—

306 650 370 685 ciis
397 654 472 685 169.

259 707 334 741 Lac
364 706 517 741 nutricis
549 706 695 741 medela
724 703 923 741 infantium
948 710 1002 741 99.

260 763 404 798 Laudes
438 762 648 808 principum
686 763 932 798 servabantur
967 762 1005 796 in

305 819 407 854 Actis
432 818 590 854 Senatus
615 823 668 854 26.

260 875 423 920 Legibus
482 876 775 921 permittendum
828 886 1004 910 nonnum-

308 943 420 976 quam
445 932 607 967 dormire
633 936 686 967 76.

262 989 337 1023 Lex
361 988 528 1024 Falcidia
553 993 607 1024 37.

262 1045 377 1080 Linea
415 1045 706 1090 margaritarum
754 1046 913 1087 famosa,
961 1056 1005 1080 ex

306 1101 514 1136 hereditate
542 1101 720 1136 Matidiae
747 1106 799 1138 37.

251 1158 398 1193 ‘Lineae
424 1158 548 1193 rectae
573 1158 653 1193 laus
679 1162 755 1194 240.

260 1214 349 1249 Loci
374 1215 679 1259 argumentorum
701 1218 756 1249 46.

261 1270 413 1306 Lorium
430 1275 484 1306 37.
507 1274 560 1305 56.
587 1275 641 1306 57.
669 1275 722 1306 79.
749 1274 803 1305 94.
833 1274 907 1320 101.
927 1274 1003 1306 223.

308 1331 385 1362 225.
439 1327 541 1362 Inter
579 1327 731 1361 Lorium
771 1327 809 1361 et
847 1327 1006 1361 Romam

308 1383 391 1418 clivi
416 1383 522 1418 ardui
547 1383 585 1418 et
608 1383 670 1418 via
693 1383 837 1417 lubrica
862 1387 937 1418 101.
974 1419 975 1422 ,

260 1439 355 1475 Ludi
382 1439 569 1474 Circenses
594 1438 792 1474 Frontonis
819 1439 899 1474 Cos.
927 1442 980 1474 25.

259 1495 524 1540 Magistrorum
548 1495 759 1540 vulgarium
780 1494 1005 1540 vituperatio

308 1556 383 1587 155.

260 1609 309 1643 M.
335 1608 475 1643 Aurelii
498 1608 693 1644 infirmitas
718 1612 771 1643 24.

260 1664 475 1700 Masuriana
500 1664 745 1703 deliramenta
770 1669 823 1700 32.

261 1721 428 1757 Minerva
445 1726 544 1756 artes
562 1732 689 1756 omnes
708 1720 912 1766 complexa,
926 1720 1006 1755 Mu-

309 1789 370 1813 sae
397 1778 565 1823 singulae
590 1777 755 1822 singulas
780 1781 856 1812 243.

263 1834 399 1870 Multas
423 1834 591 1879 inrogari
616 1833 822 1878 antiquitus
840 1844 920 1868 mos
937 1832 1008 1867 fuit

306 1890 407 1926 mille
431 1891 551 1925 minus
577 1890 730 1925 dimidio
760 1895 833 1926 103.

261 1947 465 1992 Municipes
497 1958 686 1982 sacrorum
713 1951 786 1982 162.

261 2003 500 2048 Neapolitani
526 2003 618 2038 caeli
642 2002 892 2037 inconstantia
916 2006 969 2038 31.

263 2058 534 2104 Neglegentiae
558 2059 687 2094 laudes
713 2063 788 2093 214.

262 2114 514 2160 Nicephorum
538 2126 561 2149 a
578 2115 617 2149 L.
634 2114 732 2149 Vero
759 2120 910 2160 captum
930 2119 1003 2150 121.

263 2171 362 2205 Nota
387 2170 568 2205 delatoria
592 2174 669 2213 224,
694 2170 860 2205 censoria
876 2174 930 2205 83.
950 2174 1004 2205 84.

262 2227 408 2271 Nugale
425 2226 603 2272 scriptum
614 2227 784 2261 Romana
799 2226 928 2271 lingua
943 2236 1006 2260 no-

310 2283 384 2318 bile
409 2283 548 2317 nullum
568 2284 649 2318 erat
665 2284 751 2318 ante
767 2283 1004 2325 Frontonem,

310 2339 474 2385 exceptis
505 2339 704 2374 comoediis
736 2340 800 2373 aut
823 2338 1004 2373 Atellanis

309 2400 328 2430 2
336 2401 350 2430 1
357 2402 372 2430 1
378 2425 385 2430 .
403 2394 604 2440 Nugalium
612 2395 892 2430 scribendorum
898 2406 1004 2439 prae-

310 2454 420 2497 cepta
444 2456 523 2486 212.

263 2502 432 2543 Nummi*
448 2508 640 2552 Antonini,
689 2507 898 2551 Commodi,
938 2506 1004 2550 Pii,

308 2565 530 2609 Perpernae,
557 2565 671 2600 Trere
697 2593 704 2599 .
734 2593 739 2599 .
769 2593 775 2599 .
805 2568 878 2598 161.
908 2596 911 2597 ⁷

264 2620 414 2656 Nummi
438 2620 604 2666 plumbei
630 2624 704 2655 161.

264 2676 426 2715 Nursina
451 2676 589 2712 duritia
612 2681 688 2712 205.

265 2732 398 2767 Nutrix
423 2744 506 2768 assa
532 2737 606 2768 103.

267 2788 452 2822 Orationis
493 2789 679 2824 suasoriae
721 2790 820 2824 artes
861 2793 914 2824 52.
951 2793 1004 2824 53.

311 2844 369 2878 Ad
387 2845 593 2879 orationem
616 2844 824 2880 faciendam
847 2846 1007 2890 plerum—

702 143 891 179 INDICES
926 144 989 178 AD
1014 143 1327 180 FRONTONEM.

1064 280 1069 284 ,
1085 267 1157 301 que
1173 267 1309 300 versus⁷
1334 257 1383 292 ad
1398 259 1681 295 versificandum
1698 269 1779 294 ora-

1084 312 1137 347 tio
1161 312 1282 359 magis
1308 312 1461 348 adiuvat
1483 318 1537 349 54.

1041 368 1177 404 Orator
1207 369 1320 405 debet
1351 377 1430 404 esse
1461 370 1582 406 audax
1605 381 1650 406 ex
1671 371 1780 406 Ennii

1086 425 1271 461 sententia
1299 429 1354 461 66.
1404 425 1574 461 Summus
1598 437 1621 461 a
1643 427 1781 463 medio-

1036 518 1046 521 ,
1087 481 1210 517 oribus
1234 481 1273 516 in
1297 492 1371 527 quo
1397 481 1547 518 differat
1570 486 1624 518 99.

1040 538 1239 574 Oratorum
1245 537 1462 573 Latinorum
1470 539 1722 574 characteresl
1728 543 1782 575 14.

1041 594 1206 630 Ostentis
1213 594 1491 630 formicularum
1499 597 1537 629 et
1551 594 1782 640 apicularum

1084 662 1143 686 res
1159 651 1344 686 maximae
1359 651 1633 696 portenduntur
1652 655 1726 688 137.

1039 707 1319 753 Paralempseos
1343 708 1463 753 figura
1486 719 1594 743 nemo
1618 707 1783 744 Graecus

1085 764 1151 799 aut
1187 764 1376 799 Romanus
1408 765 1535 799 orator
1575 764 1782 809 elegantius

1082 819 1226 855 Catone
1250 832 1336 855 usus
1361 821 1418 855 est
1442 824 1496 855 99.

1039 876 1169 912 Parthi
1198 876 1377 912 manuleis
1405 876 1609 912 laxioribus
1640 877 1697 912 usi
1726 881 1780 912 65.

1086 932 1163 968 Soli
1185 932 1377 967 hominum
1401 933 1577 968 adversus
1593 933 1782 969 Romanos

1085 988 1220 1024 hostile
1252 1000 1389 1024 nomen
1422 1000 1625 1034 numquam
1660 990 1784 1025 conte-

1085 1045 1286 1080 mnendum
1311 1046 1505 1091 gesserunt
1529 1049 1605 1081 204.
1644 1045 1783 1082 Eorum

1085 1101 1251 1137 bellandi
1273 1113 1353 1136 mos
1378 1106 1454 1138 208.

1040 1157 1215 1194 Parthica
1245 1158 1345 1194 bella
1376 1158 1529 1194 Traiani
1561 1159 1599 1193 et
1626 1158 1668 1195 L.
1691 1157 1782 1194 Veri

1085 1214 1182 1250 inter
1207 1226 1246 1250 se
1271 1215 1536 1260 comparantur
1559 1219 1636 1250 204.
1662 1219 1739 1250 209.

1040 1270 1264 1306 Partitiones
1289 1271 1498 1306 orationum
1524 1274 1598 1306 184.

1041 1326 1248 1362 Phalaridis
1271 1327 1399 1362 taurus
1426 1331 1501 1363 184.

1040 1383 1175 1419 Persae
1199 1384 1353 1418 battunt
1376 1387 1430 1427 55,
1457 1387 1502 1425 cf.
1528 1387 1609 1418 adn.

1041 1440 1238 1474 Persarum
1267 1439 1461 1484 disciplina
1488 1439 1527 1488 in
1556 1439 1672 1475 Marci
1704 1451 1785 1475 ora—

1086 1495 1187 1531 tione
1211 1495 1491 1530 memorabatur
1516 1499 1569 1530 55.

1041 1552 1238 1587 Persarum
1261 1562 1327 1586 rex
1351 1551 1455 1587 donis
1473 1551 1542 1587 coli
1559 1551 1688 1587 solitus
1704 1556 1781 1587 248.

1043 1608 1352 1653 Philosophorum
1369 1608 1596 1643 Graecorum
1619 1608 1785 1653 proprie-

1087 1665 1186 1700 tates
1212 1668 1399 1700 114—115.

1042 1720 1258 1766 Philosophi
1281 1720 1493 1756 irridentur(
1508 1724 1583 1757 174.
1611 1725 1685 1756 184.

1042 1777 1152 1812 Plebs
1176 1777 1420 1812 frumentaria
1444 1781 1520 1812 210.

1042 1833 1247 1878 Polycratis
1273 1833 1387 1869 Samii
1410 1833 1567 1869 historia
1591 1838 1668 1869 219.

1042 1890 1250 1925 Poenorum
1290 1891 1328 1925 et
1360 1890 1534 1925 Afrorum
1571 1889 1695 1925 clades
1730 1902 1786 1925 su·

1086 1958 1219 1991 prema
1244 1951 1319 1981 220.

1045 2003 1182 2038 Poetae
1199 2002 1321 2037 Latini
1337 2002 1375 2036 in
1393 2009 1465 2047 quo
1485 2002 1638 2047 quisque
1655 2003 1787 2038 verbo-

1088 2071 1169 2093 rum
1193 2070 1330 2104 genere
1355 2058 1595 2094 excelluerint
1618 2063 1672 2095 62.
1716 2059 1787 2094 Eo-

1087 2127 1167 2149 rum
1192 2115 1441 2160 proprietates
1469 2119 1542 2150 114.
1570 2119 1645 2150 224.

1041 2170 1259 2205 Por-tunium
1286 2175 1337 2205 10.

1041 2226 1263 2261 Proverbia:
1283 2226 1401 2262 Amici
1413 2238 1554 2262 morem
1571 2237 1646 2262 non
1665 2227 1785 2263 odisse

1087 2282 1153 2317 sed
1177 2293 1399 2327 cognoscere
1417 2287 1482 2318 239
1499 2303 1543 2307 —
1559 2283 1650 2318 alibi
1671 2283 1784 2319 medi-

1086 2340 1257 2375 camenta
1288 2337 1457 2383 obligare
1492 2343 1557 2374 144
1586 2359 1631 2364 ——
1655 2339 1786 2383 dentes

1086 2394 1296 2440 adprimere
1322 2398 1364 2429 78
1382 2415 1426 2419 —
1448 2394 1518 2430 niti
1542 2395 1698 2430 adverso
1722 2396 1786 2430 flu-

1087 2451 1185 2486 mine
1212 2455 1276 2487 113
1293 2472 1336 2476 ——
1355 2450 1514 2486 cursoris
1539 2455 1583 2486 26
1603 2471 1645 2476 —-
1663 2452 1786 2486 rostro

1083 2518 1160 2542 non
1190 2507 1322 2553 supino
1352 2518 1411 2542 res
1443 2507 1613 2542 facienda
1649 2512 1712 2543 102
1743 2528 1787 2533 ——

1087 2575 1295 2599 scurrarum
1313 2565 1391 2607 (seu
1406 2563 1530 2608 potius
1549 2563 1786 2608 rustic-orum)

1090 2625 1131 2656 13
1155 2641 1199 2645 —
1224 2620 1269 2655 de
1292 2619 1489 2664 Pyrrhaeis
1513 2624 1557 2654 24
1581 2640 1624 2644 —
1647 2619 1786 2655 securis

1092 2675 1278 2716 Tenediae
1303 2680 1379 2711 252.

1042 2732 1282 2768 Providentia
1311 2731 1436 2767 divina
1460 2735 1537 2767 233.

1042 2788 1234 2823 Publicum
1257 2787 1403 2823 Africae
1434 2787 1687 2823 redimebatur
1719 2788 1787 2823 sub

1040 2844 1107 2879 Pio
1131 2847 1186 2879 86.
