1968 3158
223 149 304 192 104
501 148 550 182 M.
570 146 794 182 CORNELII
818 146 1095 182 FRONTONIS
1120 146 1461 185 EPISTULARUM

220 276 358 316 neque
396 260 568 316 vigiliae
605 274 743 314 neque
782 259 906 313 cibi¹‚
953 274 1090 315 neque
1127 260 1294 302 itineris
1332 262 1408 303 tua
1442 263 1638 318 tempora
1674 262 1747 304 ha-

223 329 380 384 buisse,
413 328 487 370 sed
516 327 651 383 patris
681 326 945 382 temporibus
976 326 1185 369 servisse?
1218 361 1226 369 .
1253 362 1261 369 .
1287 362 1294 369 .
1321 361 1329 370 .

511 590 610 644 (M.
643 590 999 646 CORNELII
1038 590 1465 645 FRONTONIS

244 692 693 742 EPISTULARUM
727 693 815 740 AD
851 693 1237 741 ANTONINUM
1270 692 1729 742 IMPERATOREM

843 792 906 827 ΕΤ
932 791 1136 828 INVIGEM

791 871 826 913 L
845 872 866 914 1
887 871 924 913 B
945 872 982 914 E
1003 871 1043 914 R
1091 872 1176 928 Π.)

738 1007 780 1050 I.
824 1007 1074 1063 (Magistro
1103 1007 1241 1063 Meo.)

341 1131 527 1140 .....
559 1102 642 1149 leyz‘
669 1111 722 1140 ea:
754 1097 940 1154 Coel²lio
969 1097 1212 1153 paululum,
1253 1100 1297 1140 et
1334 1113 1385 1140 ex
1415 1099 1632 1142 Ciceronis
1662 1114 1753 1141 ora-

224 1167 343 1207 tione
357 1199 368 1220 ‚
402 1166 475 1207 sed
505 1165 627 1220 quasi
655 1165 826 1220 furtim,
861 1168 975 1208 certe
1005 1166 1175 1221 quidem
1204 1166 1383 1222 raptim:
1420 1169 1590 1209 tantum
1619 1167 1754 1210 instat

226 1234 341 1275 aliud
371 1248 422 1275 ex
454 1233 564 1274 alio3
595 1247 813 1288 curarum3
858 1234 1011 1289 quom4
1047 1234 1222 1276 interim
1259 1235 1376 1290 quies
1407 1250 1494 1276 una
1523 1235 1678 1277 librum
1706 1236 1754 1277 in

227 1316 379 1343 manus
410 1316 588 1343 sumere.
648 1301 760 1343 Nam
796 1298 995 1356 parvolae
1032 1304 1204 1344 nostrae
1241 1318 1358 1345 nunc
1398 1305 1503 1358 aput
1529 1302 1754 1345 Matidiam

226 1370 301 1411 in5
330 1369 513 1424 oppido⁶
543 1360 840 1424 hospitantur:
876 1369 1010 1425 igitur
1038 1384 1215 1424 vespera
1245 1370 1298 1412 ad
1327 1385 1395 1411 me
1424 1370 1636 1413 ventitare
1665 1385 1754 1412 non

227 1439 408 1491 possunt
444 1438 619 1492 propter
658 1451 785 1478 aurae
823 1437 1022 1492 rigorem.
1081 1436 1190 1479 Vale
1227 1437 1286 1479 mi
1317 1437 1499 1481 Domine
1529 1438 1752 1494 Magister.

229 1503 440 1545 Dominus
469 1518 588 1546 meus
618 1503 753 1545 frater
790 1506 833 1545 et
869 1504 982 1546 filiae
1022 1519 1118 1546 cum
1154 1519 1230 1546 sua
1265 1507 1423 1560 matre,
1472 1505 1590 1547 cuius
1626 1506 1754 1561 prae⁷

232 1605 410 1613 ......
445 1571 534 1613 avis
564 1585 615 1612 ex
646 1571 788 1613 animo
817 1572 897 1613 tibi
927 1571 1109 1614 salutem
1139 1572 1299 1614 dieunt.

343 1638 471 1680 Mitte
525 1639 631 1680 mihi
682 1639 842 1694 aliquid
892 1640 1003 1694 quod
1045 1639 1128 1681 tibi
1179 1640 1502 1683 disertissimum
1546 1641 1754 1697 videatur,

345 1779 361 1808 1
387 1774 456 1809 Hic
493 1773 642 1819 explicit
676 1774 816 1819 pagina
846 1773 955 1809 simul
990 1786 1073 1810 cum
1103 1775 1344 1820 quaternione
1372 1776 1451 1811 XII.
1511 1777 1553 1811 In
1587 1777 1756 1822 margine

231 1830 356 1865 autem
380 1830 445 1865 ubi
462 1830 644 1876 repetitur
660 1830 772 1874 locus,
796 1830 1014 1875 productior
1031 1830 1150 1866 oratio
1169 1832 1239 1875 est3
1264 1832 1318 1867 ita
1341 1833 1469 1867 tamen
1492 1833 1534 1867 ut
1556 1832 1611 1868 ibi
1635 1832 1757 1869 desint

228 1886 345 1921 verba
375 1899 481 1932 neque
512 1889 593 1927 cibi,
629 1886 745 1922 verba
779 1897 867 1922 vero
897 1890 1053 1923 habuisse
1086 1887 1123 1922 et
1152 1892 1298 1923 servisse
1342 1888 1391 1923 ad
1424 1886 1667 1925 indicativum
1697 1890 1757 1926 de-

229 1942 426 1977 flectantur
449 1946 594 1978 habuisti
625 1945 662 1978 et
686 1946 840 1982 servisti,-
877 1954 971 1987 quae
1003 1954 1074 1989 ego
1105 1943 1336 2002 restituenda]
1364 1945 1404 1980 in
1428 1945 1595 1981 ordinem
1621 1946 1755 1981 curavi.

233 2001 359 2034 Maius.
409 1999 589 2044 Reliquae
616 1998 795 2044 epistolae
819 1999 928 2034 huius
953 1999 1051 2043 libri,
1075 2001 1116 2035 ut
1139 2000 1252 2044 vides,
1276 2001 1506 2037 interierunt.

344 2059 364 2090 2
391 2054 524 2100 Incipit
549 2054 637 2091 Cod.
662 2055 833 2091 Ambros.
858 2068 894 2101 p.
914 2059 991 2091 240.
1046 2056 1088 2090 Ι11
1111 2056 1219 2091 huius
1248 2057 1327 2091 folii
1349 2057 1490 2102 pagina
1518 2058 1621 2093 recta
1644 2070 1670 2094 s.
1690 2062 1756 2094 239

228 2111 408 2146 laterculo
440 2111 565 2157 priore
594 2112 718 2147 medio
748 2112 867 2147 Maius
897 2111 991 2147 vidit
1019 2112 1150 2147 verba:
1189 2117 1268 2157 leyz',
1295 2117 1482 2155 emendavi,
1520 2124 1615 2158 quae
1644 2114 1755 2150 hodie

230 2179 423 2203 evanuere.
466 2169 567 2214 Ergo
591 2168 645 2204 ibi
669 2168 806 2204 desinit
827 2168 924 2204 liber
948 2167 1080 2213 aliquis
1106 2169 1143 2203 et
1166 2168 1296 2214 incipit
1318 2169 1378 2205 hic
1403 2170 1451 2205 ad
1466 2170 1514 2205 M.
1528 2170 1756 2206 Antoninum

227 2224 507 2270 Imperatorem.
546 2225 646 2270 Ergo
670 2225 763 2261 haec
788 2225 949 2270 epistula
973 2229 1016 2260 lio
1035 2226 1103 2260 cet.
1130 2225 1186 2260 est
1200 2225 1322 2270 prima
1345 2225 1453 2260 huius
1477 2226 1564 2261 libri
1580 2227 1639 2262 vel
1656 2228 1755 2262 certe

226 2280 348 2325 prima
362 2291 406 2315 ex
417 2281 475 2316 his
489 2292 584 2324 quae
597 2282 673 2326 legi
684 2282 848 2327 possunt.
866 2281 985 2317 Maius
998 2281 1147 2316 titulum
1160 2281 1314 2317 addidit.
1335 2281 1507 2317 Ceterum
1524 2282 1683 2318 fueritne
1696 2282 1756 2318 hic

225 2336 321 2372 liber
336 2347 467 2372 revera
484 2337 675 2381 secundus,
692 2349 843 2383 prorsus
860 2337 1042 2373 incertum
1059 2338 1132 2381 est3
1157 2337 1222 2372 sed
1236 2337 1281 2373 de
1299 2349 1343 2374 ea
1360 2349 1400 2373 re
1416 2338 1750 2384 cf.Proleg0mena.

342 2398 362 2429 3
388 2393 528 2429 Codex:
555 2398 633 2429 alia.

341 2453 363 2484 4
388 2448 476 2484 Cod.
504 2460 596 2485 corr.
625 2464 710 2495 qum.

341 2509 361 2540 5
384 2505 466 2540 Duo
491 2506 607 2542 verba
632 2506 798 2542 evanida.
847 2506 1005 2541 Multum
1030 2506 1159 2542 dubito
1185 2518 1232 2542 an
1255 2507 1374 2543 Maius
1399 2508 1500 2542 recte
1523 2507 1667 2553 legerit.
1710 2509 1754 2544 cf.

229 2572 340 2605 supra
363 2573 399 2606 p.
419 2567 473 2597 39.

341 2621 361 2651 6
384 2617 579 2654 Minturnis
609 2619 702 2668 puta
732 2620 796 2654 aut
821 2619 1030 2663 Sinuessae,
1069 2631 1230 2667 namque
1253 2620 1387 2655 horum
1411 2620 1631 2665 oppidorum
1659 2620 1756 2657 cives

228 2672 486 2718 inscriptiones
509 2676 678 2710 fecerunt
699 2674 876 2712 Matidiae
902 2676 1002 2721 apud
1026 2676 1130 2712 Grut.
1147 2669 1320 2712 GCL11.9.
1347 2675 1561 2711 MLXXXV.
1571 2681 1601 2712 3.
1628 2679 1752 2713 Maius.

342 2733 359 2763 7
387 2728 537 2775 Septem
566 2731 683 2766 verba
713 2743 808 2776 quae
831 2732 1061 2778 praecedunt
1090 2731 1202 2768 hodie
1233 2732 1390 2768 evanida
1414 2733 1515 2768 sunt:
1553 2735 1756 2778 sequuntur

229 2785 388 2828 quatuor
411 2786 488 2820 fere
512 2788 628 2822 verba
659 2799 753 2832 quae
784 2800 830 2824 ne
854 2788 974 2824 Maius
1006 2788 1156 2833 quidem
1185 2788 1311 2834 legere
1340 2788 1474 2835 potuit.
1523 2788 1755 2826 Vocabulum

228 2842 304 2883 tibi,
331 2841 430 2885 quod
452 2841 571 2878 Maius
597 2843 736 2879 uncinis
761 2845 964 2895 saepserat,
987 2845 1088 2881 recte
1112 2844 1250 2890 legitur
1273 2845 1312 2880 in
1337 2844 1483 2882 Codice.
