<?xml version="1.0" encoding="UTF-8"?>
<!DOCTYPE html PUBLIC "-//W3C//DTD XHTML 1.0 Transitional//EN"
    "http://www.w3.org/TR/xhtml1/DTD/xhtml1-transitional.dtd">
<html xmlns="http://www.w3.org/1999/xhtml" xml:lang="en" lang="en">
 <head>
  <title>
</title>
<meta http-equiv="Content-Type" content="text/html;charset=utf-8" />
  <meta name='ocr-system' content='tesseract 3.04.00' />
  <meta name='ocr-capabilities' content='ocr_page ocr_carea ocr_par ocr_line ocrx_word'/>
</head>
<body>
  <div class='ocr_page' id='page_1' title='image "./mcorneliifronton00fronuoft_0270.png"; bbox 0 0 1968 3158; ppageno 0'>
   <div class='ocr_carea' id='block_1_1' title="bbox 282 147 1346 199">
    <p class='ocr_par' dir='ltr' id='par_1_1' title="bbox 282 147 1346 199">
     <span class='ocr_line' id='line_1_1' title="bbox 282 147 1346 199; baseline -0.008 0"><span class='ocrx_word' id='word_1_1' title='bbox 282 157 367 199; x_wconf 82' lang='grc'>230</span> <span class='ocrx_word' id='word_1_2' title='bbox 743 156 792 190; x_wconf 91' lang='lat' dir='ltr'>M.</span> <span class='ocrx_word' id='word_1_3' title='bbox 820 152 1047 189; x_wconf 85' lang='lat' dir='ltr'>CORNELII</span> <span class='ocrx_word' id='word_1_4' title='bbox 1070 147 1346 191; x_wconf 79' lang='lat' dir='ltr'>FRONTONIS</span> 
     </span>
    </p>
   </div>
   <div class='ocr_carea' id='block_1_2' title="bbox 282 267 1812 1071">
    <p class='ocr_par' dir='ltr' id='par_1_2' title="bbox 282 267 1807 459">
     <span class='ocr_line' id='line_1_2' title="bbox 282 267 1807 324; baseline 0.002 -14"><span class='ocrx_word' id='word_1_5' title='bbox 282 269 457 311; x_wconf 87' lang='lat' dir='ltr'>fremitu</span> <span class='ocrx_word' id='word_1_6' title='bbox 488 268 694 323; x_wconf 76' lang='lat' dir='ltr'>equestri,</span> <span class='ocrx_word' id='word_1_7' title='bbox 736 268 809 310; x_wconf 89' lang='lat' dir='ltr'>sed</span> <span class='ocrx_word' id='word_1_8' title='bbox 836 267 1002 323; x_wconf 81' lang='lat' dir='ltr'>placide</span> <span class='ocrx_word' id='word_1_9' title='bbox 1033 269 1077 310; x_wconf 89' lang='lat' dir='ltr'>et</span> <span class='ocrx_word' id='word_1_10' title='bbox 1097 267 1339 310; x_wconf 78' lang='lat' dir='ltr'>&#39;clementer</span> <span class='ocrx_word' id='word_1_11' title='bbox 1368 269 1514 324; x_wconf 84' lang='lat' dir='ltr'><strong>pinnis</strong></span> <span class='ocrx_word' id='word_1_12' title='bbox 1542 271 1726 313; x_wconf 59' lang='grc' dir='ltr'>’16116118ι</span> <span class='ocrx_word' id='word_1_13' title='bbox 1758 272 1807 313; x_wconf 84' lang='grc'>111</span> 
     </span>
     <span class='ocr_line' id='line_1_3' title="bbox 283 335 1807 394; baseline 0.003 -17"><span class='ocrx_word' id='word_1_14' title='bbox 283 335 454 378; x_wconf 86' lang='lat' dir='ltr'>modum</span> <span class='ocrx_word' id='word_1_15' title='bbox 485 335 814 390; x_wconf 71' lang='lat' dir='ltr'>hirunl²dinum</span> <span class='ocrx_word' id='word_1_16' title='bbox 854 335 1066 390; x_wconf 87' lang='lat' dir='ltr'>advolare,</span> <span class='ocrx_word' id='word_1_17' title='bbox 1106 335 1221 377; x_wconf 80' lang='lat' dir='ltr'>ncn³</span> <span class='ocrx_word' id='word_1_18' title='bbox 1251 338 1300 378; x_wconf 87' lang='lat' dir='ltr'>ut</span> <span class='ocrx_word' id='word_1_19' title='bbox 1330 337 1549 380; x_wconf 87' lang='lat' dir='ltr'>columbae</span> <span class='ocrx_word' id='word_1_20' title='bbox 1579 338 1658 380; x_wconf 87' lang='lat' dir='ltr'>alis</span> <span class='ocrx_word' id='word_1_21' title='bbox 1687 339 1807 394; x_wconf 88' lang='lat' dir='ltr'>plau-</span> 
     </span>
     <span class='ocr_line' id='line_1_4' title="bbox 284 403 1510 459; baseline 0.002 -15"><span class='ocrx_word' id='word_1_22' title='bbox 284 403 421 445; x_wconf 78' lang='lat' dir='ltr'>clere⁴.</span> <span class='ocrx_word' id='word_1_23' title='bbox 1503 445 1510 459; x_wconf 36' lang='lat' dir='ltr'>x</span> 
     </span>
    </p>

    <p class='ocr_par' dir='ltr' id='par_1_3' title="bbox 283 471 1812 866">
     <span class='ocr_line' id='line_1_5' title="bbox 396 471 1809 527; baseline 0.003 -15"><span class='ocrx_word' id='word_1_24' title='bbox 396 471 466 512; x_wconf 90' lang='lat' dir='ltr'>Ad</span> <span class='ocrx_word' id='word_1_25' title='bbox 486 471 582 526; x_wconf 89' lang='lat' dir='ltr'>hoc,</span> <span class='ocrx_word' id='word_1_26' title='bbox 615 486 697 526; x_wconf 89' lang='lat' dir='ltr'>quo</span> <span class='ocrx_word' id='word_1_27' title='bbox 718 471 942 514; x_wconf 91' lang='lat' dir='ltr'>iucundior</span> <span class='ocrx_word' id='word_1_28' title='bbox 962 472 1206 514; x_wconf 88' lang='lat' dir='ltr'>hominibus</span> <span class='ocrx_word' id='word_1_29' title='bbox 1228 471 1410 514; x_wconf 80' lang='lat' dir='ltr'>Somnus</span> <span class='ocrx_word' id='word_1_30' title='bbox 1432 475 1557 527; x_wconf 88' lang='lat' dir='ltr'>esset,</span> <span class='ocrx_word' id='word_1_31' title='bbox 1589 473 1722 515; x_wconf 86' lang='lat' dir='ltr'>donat</span> <span class='ocrx_word' id='word_1_32' title='bbox 1741 475 1809 517; x_wconf 76' lang='lat' dir='ltr'>et⁶</span> 
     </span>
     <span class='ocr_line' id='line_1_6' title="bbox 283 531 1807 596; baseline 0.002 -16"><span class='ocrx_word' id='word_1_33' title='bbox 283 539 420 580; x_wconf 88' lang='lat' dir='ltr'>multa</span> <span class='ocrx_word' id='word_1_34' title='bbox 450 539 615 581; x_wconf 87' lang='lat' dir='ltr'>somnia</span> <span class='ocrx_word' id='word_1_35' title='bbox 637 553 829 594; x_wconf 88' lang='lat' dir='ltr'>amoena,</span> <span class='ocrx_word' id='word_1_36' title='bbox 862 541 911 582; x_wconf 90' lang='lat' dir='ltr'>ut</span> <span class='ocrx_word' id='word_1_37' title='bbox 941 554 1022 595; x_wconf 90' lang='lat' dir='ltr'>quo</span> <span class='ocrx_word' id='word_1_38' title='bbox 1050 540 1189 582; x_wconf 89' lang='lat' dir='ltr'>studio</span> <span class='ocrx_word' id='word_1_39' title='bbox 1220 539 1397 595; x_wconf 89' lang='lat' dir='ltr'>quisque</span> <span class='ocrx_word' id='word_1_40' title='bbox 1430 531 1652 583; x_wconf 89' lang='lat' dir='ltr'>devinctus</span> <span class='ocrx_word' id='word_1_41' title='bbox 1682 543 1807 596; x_wconf 89' lang='lat' dir='ltr'>esset,</span> 
     </span>
     <span class='ocr_line' id='line_1_7' title="bbox 285 606 1810 662; baseline 0.001 -14"><span class='ocrx_word' id='word_1_42' title='bbox 285 608 332 648; x_wconf 91' lang='lat' dir='ltr'>ut</span> <span class='ocrx_word' id='word_1_43' title='bbox 362 606 615 648; x_wconf 69' lang='lat' dir='ltr'><strong>histrionem</strong></span> <span class='ocrx_word' id='word_1_44' title='bbox 645 607 692 648; x_wconf 90' lang='lat' dir='ltr'>in</span> <span class='ocrx_word' id='word_1_45' title='bbox 730 607 917 649; x_wconf 75' lang='grc'>8011111186</span> <span class='ocrx_word' id='word_1_46' title='bbox 953 607 1097 649; x_wconf 90' lang='lat' dir='ltr'>fautor</span> <span class='ocrx_word' id='word_1_47' title='bbox 1130 609 1356 662; x_wconf 75' lang='lat' dir='ltr'>spectaret,</span> <span class='ocrx_word' id='word_1_48' title='bbox 1395 609 1444 649; x_wconf 87' lang='lat' dir='ltr'>ut</span> <span class='ocrx_word' id='word_1_49' title='bbox 1479 608 1703 651; x_wconf 87' lang='lat' dir='ltr'>tibicinem</span> <span class='ocrx_word' id='word_1_50' title='bbox 1740 624 1810 650; x_wconf 89' lang='lat' dir='ltr'>au-</span> 
     </span>
     <span class='ocr_line' id='line_1_8' title="bbox 285 674 1811 730; baseline 0.001 -13"><span class='ocrx_word' id='word_1_51' title='bbox 285 674 416 729; x_wconf 90' lang='lat' dir='ltr'>diret,</span> <span class='ocrx_word' id='word_1_52' title='bbox 455 675 504 716; x_wconf 92' lang='lat' dir='ltr'>ut</span> <span class='ocrx_word' id='word_1_53' title='bbox 539 675 714 730; x_wconf 84' lang='lat' dir='ltr'>aurigae</span> <span class='ocrx_word' id='word_1_54' title='bbox 745 675 956 730; x_wconf 88' lang='lat' dir='ltr'>agitanti⁷</span> <span class='ocrx_word' id='word_1_55' title='bbox 987 677 1266 730; x_wconf 89' lang='lat' dir='ltr'>monstraret,</span> <span class='ocrx_word' id='word_1_56' title='bbox 1305 675 1463 718; x_wconf 90' lang='lat' dir='ltr'>milites</span> <span class='ocrx_word' id='word_1_57' title='bbox 1501 675 1691 718; x_wconf 80' lang='lat' dir='ltr'>somnio8</span> <span class='ocrx_word' id='word_1_58' title='bbox 1720 677 1811 718; x_wconf 85' lang='lat' dir='ltr'>vin-</span> 
     </span>
     <span class='ocr_line' id='line_1_9' title="bbox 287 742 1812 799; baseline 0.002 -16"><span class='ocrx_word' id='word_1_59' title='bbox 287 743 445 796; x_wconf 90' lang='lat' dir='ltr'>cerent,</span> <span class='ocrx_word' id='word_1_60' title='bbox 467 742 746 797; x_wconf 89' lang='lat' dir='ltr'>imperatores</span> <span class='ocrx_word' id='word_1_61' title='bbox 767 743 931 785; x_wconf 89' lang='lat' dir='ltr'>somnio</span> <span class='ocrx_word' id='word_1_62' title='bbox 950 742 1280 798; x_wconf 89' lang='lat' dir='ltr'>triumpharent,</span> <span class='ocrx_word' id='word_1_63' title='bbox 1300 744 1626 799; x_wconf 72' lang='lat' dir='ltr'>peregrinantes</span> <span class='ocrx_word' id='word_1_64' title='bbox 1647 744 1812 786; x_wconf 88' lang='lat' dir='ltr'>somnio</span> 
     </span>
     <span class='ocr_line' id='line_1_10' title="bbox 286 809 1809 866; baseline 0.003 -16"><span class='ocrx_word' id='word_1_65' title='bbox 286 809 455 851; x_wconf 90' lang='lat' dir='ltr'>domum</span> <span class='ocrx_word' id='word_1_66' title='bbox 484 810 686 852; x_wconf 89' lang='lat' dir='ltr'>redirent.</span> <span class='ocrx_word' id='word_1_67' title='bbox 719 810 784 852; x_wconf 86' lang='lat' dir='ltr'>Ea</span> <span class='ocrx_word' id='word_1_68' title='bbox 807 811 974 853; x_wconf 90' lang='lat' dir='ltr'>somnia</span> <span class='ocrx_word' id='word_1_69' title='bbox 1002 810 1249 866; x_wconf 88' lang='lat' dir='ltr'>plerumque</span> <span class='ocrx_word' id='word_1_70' title='bbox 1270 811 1323 852; x_wconf 90' lang='lat' dir='ltr'>ad</span> <span class='ocrx_word' id='word_1_71' title='bbox 1349 811 1516 853; x_wconf 80' lang='lat' dir='ltr'>verum9</span> <span class='ocrx_word' id='word_1_72' title='bbox 1539 813 1809 854; x_wconf 87' lang='lat' dir='ltr'>convertunt.</span> 
     </span>
    </p>

    <p class='ocr_par' dir='ltr' id='par_1_4' title="bbox 284 878 1812 1071">
     <span class='ocr_line' id='line_1_11' title="bbox 397 878 1812 934; baseline 0.001 -14"><span class='ocrx_word' id='word_1_73' title='bbox 397 878 550 934; x_wconf 82' lang='lat' dir='ltr'>Igitur,</span> <span class='ocrx_word' id='word_1_74' title='bbox 573 879 734 933; x_wconf 87' lang='lat' dir='ltr'>Marce,</span> <span class='ocrx_word' id='word_1_75' title='bbox 768 879 802 920; x_wconf 90' lang='lat' dir='ltr'>si</span> <span class='ocrx_word' id='word_1_76' title='bbox 833 893 916 934; x_wconf 92' lang='lat' dir='ltr'>quo</span> <span class='ocrx_word' id='word_1_77' title='bbox 946 878 1026 920; x_wconf 87' lang='lat' dir='ltr'>tibi</span> <span class='ocrx_word' id='word_1_78' title='bbox 1057 879 1222 920; x_wconf 88' lang='lat' dir='ltr'>somnio</span> <span class='ocrx_word' id='word_1_79' title='bbox 1252 879 1354 921; x_wconf 91' lang='lat' dir='ltr'>hinc</span> <span class='ocrx_word' id='word_1_80' title='bbox 1375 893 1481 934; x_wconf 89' lang='lat' dir='ltr'>opus</span> <span class='ocrx_word' id='word_1_81' title='bbox 1502 879 1626 934; x_wconf 90' lang='lat' dir='ltr'>est¹⁰,</span> <span class='ocrx_word' id='word_1_82' title='bbox 1660 893 1812 922; x_wconf 87' lang='lat' dir='ltr'>censeo</span> 
     </span>
     <span class='ocr_line' id='line_1_12' title="bbox 286 946 1811 1002; baseline 0.001 -15"><span class='ocrx_word' id='word_1_83' title='bbox 286 947 425 989; x_wconf 90' lang='lat' dir='ltr'>libens</span> <span class='ocrx_word' id='word_1_84' title='bbox 464 947 649 989; x_wconf 86' lang='lat' dir='ltr'>dormias</span> <span class='ocrx_word' id='word_1_85' title='bbox 687 946 901 1001; x_wconf 85' lang='lat' dir='ltr'>tantisper</span> <span class='ocrx_word' id='word_1_86' title='bbox 931 946 1032 988; x_wconf 89' lang='lat' dir='ltr'>dum</span> <span class='ocrx_word' id='word_1_87' title='bbox 1061 946 1172 1001; x_wconf 91' lang='lat' dir='ltr'>quod</span> <span class='ocrx_word' id='word_1_88' title='bbox 1204 946 1322 1001; x_wconf 89' lang='lat' dir='ltr'>cupis</span> <span class='ocrx_word' id='word_1_89' title='bbox 1354 946 1589 1002; x_wconf 88' lang='lat' dir='ltr'>quodque¹¹</span> <span class='ocrx_word' id='word_1_90' title='bbox 1620 949 1811 1002; x_wconf 81' lang='lat' dir='ltr'>exoptas,</span> 
     </span>
     <span class='ocr_line' id='line_1_13' title="bbox 284 1015 839 1071; baseline 0 -14"><span class='ocrx_word' id='word_1_91' title='bbox 284 1015 483 1071; x_wconf 84' lang='lat' dir='ltr'>vigilanti</span> <span class='ocrx_word' id='word_1_92' title='bbox 514 1015 595 1057; x_wconf 88' lang='lat' dir='ltr'>tibi</span> <span class='ocrx_word' id='word_1_93' title='bbox 625 1015 839 1071; x_wconf 86' lang='lat' dir='ltr'>optingat.</span> 
     </span>
    </p>
   </div>
   <div class='ocr_carea' id='block_1_3' title="bbox 684 1124 1429 1182">
    <p class='ocr_par' dir='ltr' id='par_1_5' title="bbox 684 1124 1429 1182">
     <span class='ocr_line' id='line_1_14' title="bbox 684 1124 1429 1182; baseline -0.001 -11"><span class='ocrx_word' id='word_1_94' title='bbox 684 1128 767 1171; x_wconf 86' lang='lat' dir='ltr'>IV.</span> <span class='ocrx_word' id='word_1_95' title='bbox 787 1128 1031 1182; x_wconf 74' lang='lat' dir='ltr'>Magistro</span> <span class='ocrx_word' id='word_1_96' title='bbox 1060 1127 1162 1170; x_wconf 84' lang='lat' dir='ltr'>Meo</span> <span class='ocrx_word' id='word_1_97' title='bbox 1195 1124 1429 1171; x_wconf 84' lang='lat' dir='ltr'>Salutem.</span> 
     </span>
    </p>
   </div>
   <div class='ocr_carea' id='block_1_4' title="bbox 286 1207 1817 1806">
    <p class='ocr_par' dir='ltr' id='par_1_6' title="bbox 286 1207 1815 1453">
     <span class='ocr_line' id='line_1_15' title="bbox 399 1207 1815 1263; baseline 0.001 -14"><span class='ocrx_word' id='word_1_98' title='bbox 399 1208 525 1249; x_wconf 91' lang='lat' dir='ltr'>Modo</span> <span class='ocrx_word' id='word_1_99' title='bbox 555 1207 698 1263; x_wconf 81' lang='lat' dir='ltr'>recepi</span> <span class='ocrx_word' id='word_1_100' title='bbox 728 1207 955 1263; x_wconf 87' lang='lat' dir='ltr'>epistulam</span> <span class='ocrx_word' id='word_1_101' title='bbox 983 1208 1117 1261; x_wconf 89' lang='lat' dir='ltr'>tuam,</span> <span class='ocrx_word' id='word_1_102' title='bbox 1150 1221 1234 1262; x_wconf 92' lang='lat' dir='ltr'>qua</span> <span class='ocrx_word' id='word_1_103' title='bbox 1265 1207 1491 1248; x_wconf 82' lang='lat' dir='ltr'>confestim</span> <span class='ocrx_word' id='word_1_104' title='bbox 1520 1207 1653 1249; x_wconf 87' lang='lat' dir='ltr'>fruar.</span> <span class='ocrx_word' id='word_1_105' title='bbox 1687 1207 1815 1250; x_wconf 88' lang='lat' dir='ltr'>Nunc</span> 
     </span>
     <span class='ocr_line' id='line_1_16' title="bbox 287 1274 1813 1330; baseline -0.001 -13"><span class='ocrx_word' id='word_1_106' title='bbox 287 1276 401 1318; x_wconf 90' lang='lat' dir='ltr'>enim</span> <span class='ocrx_word' id='word_1_107' title='bbox 431 1275 719 1318; x_wconf 87' lang='lat' dir='ltr'>imminebant</span> <span class='ocrx_word' id='word_1_108' title='bbox 748 1275 891 1317; x_wconf 86' lang='lat' dir='ltr'>officia</span> <span class='ocrx_word' id='word_1_109' title='bbox 929 1275 1256 1327; x_wconf 79' lang='grc' dir='ltr'>δυεπαραίτητα.</span> <span class='ocrx_word' id='word_1_110' title='bbox 1316 1274 1502 1316; x_wconf 87' lang='lat' dir='ltr'>Interim</span> <span class='ocrx_word' id='word_1_111' title='bbox 1540 1275 1651 1330; x_wconf 89' lang='lat' dir='ltr'>quod</span> <span class='ocrx_word' id='word_1_112' title='bbox 1693 1275 1813 1330; x_wconf 87' lang='lat' dir='ltr'>cupis</span> 
     </span>
     <span class='ocr_line' id='line_1_17' title="bbox 286 1342 1814 1399; baseline -0.001 -14"><span class='ocrx_word' id='word_1_113' title='bbox 286 1343 345 1384; x_wconf 88' lang='lat' dir='ltr'>mi</span> <span class='ocrx_word' id='word_1_114' title='bbox 365 1343 585 1399; x_wconf 86' lang='lat' dir='ltr'>magister,</span> <span class='ocrx_word' id='word_1_115' title='bbox 618 1343 818 1398; x_wconf 87' lang='lat' dir='ltr'>breviter,</span> <span class='ocrx_word' id='word_1_116' title='bbox 850 1345 899 1384; x_wconf 91' lang='lat' dir='ltr'>ut</span> <span class='ocrx_word' id='word_1_117' title='bbox 919 1344 1165 1397; x_wconf 89' lang='lat' dir='ltr'>occupatus,</span> <span class='ocrx_word' id='word_1_118' title='bbox 1198 1342 1419 1397; x_wconf 88' lang='lat' dir='ltr'>parvolam</span> <span class='ocrx_word' id='word_1_119' title='bbox 1448 1342 1602 1384; x_wconf 90' lang='lat' dir='ltr'>nuntio</span> <span class='ocrx_word' id='word_1_120' title='bbox 1623 1344 1814 1385; x_wconf 90' lang='lat' dir='ltr'>nostram</span> 
     </span>
     <span class='ocr_line' id='line_1_18' title="bbox 286 1410 1378 1453; baseline -0.001 -1"><span class='ocrx_word' id='word_1_121' title='bbox 286 1411 437 1453; x_wconf 89' lang='lat' dir='ltr'>melius</span> <span class='ocrx_word' id='word_1_122' title='bbox 467 1411 608 1453; x_wconf 74' lang='lat' dir='ltr'>valere</span> <span class='ocrx_word' id='word_1_123' title='bbox 639 1413 682 1453; x_wconf 92' lang='lat' dir='ltr'>et</span> <span class='ocrx_word' id='word_1_124' title='bbox 711 1411 828 1452; x_wconf 90' lang='lat' dir='ltr'>intra</span> <span class='ocrx_word' id='word_1_125' title='bbox 858 1410 1099 1452; x_wconf 80' lang='lat' dir='ltr'>cubiculum</span> <span class='ocrx_word' id='word_1_126' title='bbox 1129 1410 1378 1452; x_wconf 83' lang='lat' dir='ltr'>discurrere.</span> 
     </span>
    </p>

    <p class='ocr_par' dir='ltr' id='par_1_7' title="bbox 287 1477 1817 1806">
     <span class='ocr_line' id='line_1_19' title="bbox 400 1477 1815 1534; baseline 0 -15"><span class='ocrx_word' id='word_1_127' title='bbox 400 1477 586 1520; x_wconf 87' lang='lat' dir='ltr'>Dictatis</span> <span class='ocrx_word' id='word_1_128' title='bbox 615 1477 682 1520; x_wconf 90' lang='lat' dir='ltr'>his</span> <span class='ocrx_word' id='word_1_129' title='bbox 712 1478 800 1534; x_wconf 91' lang='lat' dir='ltr'>legi</span> <span class='ocrx_word' id='word_1_130' title='bbox 828 1478 996 1520; x_wconf 88' lang='lat' dir='ltr'>litteras</span> <span class='ocrx_word' id='word_1_131' title='bbox 1026 1477 1246 1519; x_wconf 87' lang='lat' dir='ltr'>Alsienses</span> <span class='ocrx_word' id='word_1_132' title='bbox 1275 1491 1369 1519; x_wconf 88' lang='lat' dir='ltr'>meo</span> <span class='ocrx_word' id='word_1_133' title='bbox 1398 1479 1613 1532; x_wconf 90' lang='lat' dir='ltr'>tempore,</span> <span class='ocrx_word' id='word_1_134' title='bbox 1644 1478 1702 1519; x_wconf 91' lang='lat' dir='ltr'>mi</span> <span class='ocrx_word' id='word_1_135' title='bbox 1728 1491 1815 1519; x_wconf 86' lang='lat' dir='ltr'>ma-</span> 
     </span>
     <span class='ocr_line' id='line_1_20' title="bbox 288 1545 1816 1601; baseline 0.001 -14"><span class='ocrx_word' id='word_1_136' title='bbox 288 1546 438 1601; x_wconf 86' lang='lat' dir='ltr'>gister,</span> <span class='ocrx_word' id='word_1_137' title='bbox 473 1560 569 1587; x_wconf 91' lang='lat' dir='ltr'>cum</span> <span class='ocrx_word' id='word_1_138' title='bbox 590 1545 708 1587; x_wconf 84' lang='lat' dir='ltr'>alii12</span> <span class='ocrx_word' id='word_1_139' title='bbox 733 1547 949 1600; x_wconf 88' lang='lat' dir='ltr'>cenarent,</span> <span class='ocrx_word' id='word_1_140' title='bbox 983 1559 1063 1601; x_wconf 85' lang='lat' dir='ltr'>ego</span> <span class='ocrx_word' id='word_1_141' title='bbox 1095 1545 1293 1587; x_wconf 90' lang='lat' dir='ltr'>cubarem</span> <span class='ocrx_word' id='word_1_142' title='bbox 1321 1545 1442 1587; x_wconf 87' lang='lat' dir='ltr'>tenui</span> <span class='ocrx_word' id='word_1_143' title='bbox 1474 1545 1567 1587; x_wconf 89' lang='lat' dir='ltr'>cibo</span> <span class='ocrx_word' id='word_1_144' title='bbox 1589 1547 1816 1588; x_wconf 89' lang='lat' dir='ltr'>contentus</span> 
     </span>
     <span class='ocr_line' id='line_1_21' title="bbox 287 1608 1815 1668; baseline 0 -13"><span class='ocrx_word' id='word_1_145' title='bbox 287 1613 393 1655; x_wconf 88' lang='lat' dir='ltr'>hora</span> <span class='ocrx_word' id='word_1_146' title='bbox 430 1613 569 1655; x_wconf 89' lang='lat' dir='ltr'>noctis</span> <span class='ocrx_word' id='word_1_147' title='bbox 601 1608 801 1655; x_wconf 87' lang='lat' dir='ltr'>secunda.</span> <span class='ocrx_word' id='word_1_148' title='bbox 862 1613 1070 1668; x_wconf 88' lang='lat' dir='ltr'>Multum,</span> <span class='ocrx_word' id='word_1_149' title='bbox 1109 1613 1275 1668; x_wconf 86' lang='lat' dir='ltr'>inquis,</span> <span class='ocrx_word' id='word_1_150' title='bbox 1323 1613 1617 1655; x_wconf 89' lang='lat' dir='ltr'>cohortatione</span> <span class='ocrx_word' id='word_1_151' title='bbox 1655 1613 1815 1656; x_wconf 77' lang='lat' dir='ltr'>mea¹3z</span> 
     </span>
     <span class='ocr_line' id='line_1_22' title="bbox 288 1680 1817 1737; baseline 0.001 -15"><span class='ocrx_word' id='word_1_152' title='bbox 288 1681 483 1735; x_wconf 91' lang='lat' dir='ltr'>multum,</span> <span class='ocrx_word' id='word_1_153' title='bbox 522 1680 580 1722; x_wconf 90' lang='lat' dir='ltr'>mi</span> <span class='ocrx_word' id='word_1_154' title='bbox 618 1682 846 1737; x_wconf 82' lang='lat' dir='ltr'>magister3</span> <span class='ocrx_word' id='word_1_155' title='bbox 891 1696 993 1722; x_wconf 91' lang='lat' dir='ltr'>nam</span> <span class='ocrx_word' id='word_1_156' title='bbox 1030 1681 1171 1723; x_wconf 88' lang='lat' dir='ltr'>verbis</span> <span class='ocrx_word' id='word_1_157' title='bbox 1208 1681 1294 1722; x_wconf 90' lang='lat' dir='ltr'>tuis</span> <span class='ocrx_word' id='word_1_158' title='bbox 1333 1680 1527 1735; x_wconf 87' lang='lat' dir='ltr'>adquievi</span> <span class='ocrx_word' id='word_1_159' title='bbox 1564 1681 1817 1737; x_wconf 89' lang='lat' dir='ltr'>saepiusque</span> 
     </span>
     <span class='ocr_line' id='line_1_23' title="bbox 288 1748 1816 1806; baseline 0.001 -16"><span class='ocrx_word' id='word_1_160' title='bbox 288 1749 443 1804; x_wconf 87' lang='lat' dir='ltr'>legam,</span> <span class='ocrx_word' id='word_1_161' title='bbox 475 1750 525 1790; x_wconf 92' lang='lat' dir='ltr'>ut</span> <span class='ocrx_word' id='word_1_162' title='bbox 545 1748 715 1804; x_wconf 89' lang='lat' dir='ltr'>saepius</span> <span class='ocrx_word' id='word_1_163' title='bbox 737 1749 1022 1805; x_wconf 87' lang='lat' dir='ltr'>adquiescam.</span> <span class='ocrx_word' id='word_1_164' title='bbox 1066 1748 1264 1791; x_wconf 91' lang='lat' dir='ltr'>Ceterum</span> <span class='ocrx_word' id='word_1_165' title='bbox 1285 1748 1606 1806; x_wconf 71' lang='lat' dir='ltr'>verecundial¹4</span> <span class='ocrx_word' id='word_1_166' title='bbox 1636 1749 1816 1791; x_wconf 85' lang='lat' dir='ltr'>officii¹⁵</span> 
     </span>
    </p>
   </div>
   <div class='ocr_carea' id='block_1_5' title="bbox 379 1853 565 1858">
    <p class='ocr_par' dir='ltr' id='par_1_8' title="bbox 379 1853 565 1858">
     <span class='ocr_line' id='line_1_24' title="bbox 379 1853 565 1858; baseline 0 0"><span class='ocrx_word' id='word_1_167' title='bbox 379 1853 565 1858; x_wconf 95' lang='lat' dir='ltr'> </span> 
     </span>
    </p>
   </div>
   <div class='ocr_carea' id='block_1_6' title="bbox 402 1894 1818 2166">
    <p class='ocr_par' dir='ltr' id='par_1_9' title="bbox 404 1894 766 1931">
     <span class='ocr_line' id='line_1_25' title="bbox 404 1894 766 1931; baseline -0.003 0"><span class='ocrx_word' id='word_1_168' title='bbox 404 1900 421 1931; x_wconf 91' lang='lat'><strong>1</strong></span> <span class='ocrx_word' id='word_1_169' title='bbox 448 1894 626 1931; x_wconf 85' lang='lat' dir='ltr'>Orellius:</span> <span class='ocrx_word' id='word_1_170' title='bbox 653 1899 766 1930; x_wconf 82' lang='lat' dir='ltr'>tentis.</span> 
     </span>
    </p>

    <p class='ocr_par' dir='ltr' id='par_1_10' title="bbox 402 1951 862 1997">
     <span class='ocr_line' id='line_1_26' title="bbox 402 1951 862 1997; baseline 0.002 -11"><span class='ocrx_word' id='word_1_171' title='bbox 402 1956 422 1986; x_wconf 85' lang='lat'><strong>2</strong></span> <span class='ocrx_word' id='word_1_172' title='bbox 447 1951 582 1997; x_wconf 88' lang='lat' dir='ltr'>Incipit</span> <span class='ocrx_word' id='word_1_173' title='bbox 607 1951 695 1987; x_wconf 91' lang='lat' dir='ltr'>Cod.</span> <span class='ocrx_word' id='word_1_174' title='bbox 721 1963 758 1996; x_wconf 90' lang='lat' dir='ltr'>p.</span> <span class='ocrx_word' id='word_1_175' title='bbox 785 1955 862 1987; x_wconf 83' lang='lat'><strong>213.</strong></span> 
     </span>
    </p>

    <p class='ocr_par' dir='ltr' id='par_1_11' title="bbox 405 2005 1106 2044">
     <span class='ocr_line' id='line_1_27' title="bbox 405 2005 1106 2044; baseline -0.003 0"><span class='ocrx_word' id='word_1_176' title='bbox 405 2013 426 2044; x_wconf 92' lang='lat'><strong>3</strong></span> <span class='ocrx_word' id='word_1_177' title='bbox 451 2005 591 2043; x_wconf 85' lang='lat' dir='ltr'>Codex:</span> <span class='ocrx_word' id='word_1_178' title='bbox 616 2007 651 2042; x_wconf 89' lang='lat' dir='ltr'>N</span> <span class='ocrx_word' id='word_1_179' title='bbox 678 2035 685 2042; x_wconf 90' lang='lat'><strong>.</strong></span> <span class='ocrx_word' id='word_1_180' title='bbox 713 2037 719 2044; x_wconf 89' lang='lat'><em>.</em></span> <span class='ocrx_word' id='word_1_181' title='bbox 746 2007 769 2043; x_wconf 89' lang='grc'>1.</span> <span class='ocrx_word' id='word_1_182' title='bbox 797 2019 827 2043; x_wconf 91' lang='lat' dir='ltr'>e.</span> <span class='ocrx_word' id='word_1_183' title='bbox 855 2021 922 2043; x_wconf 84' lang='lat' dir='ltr'>non</span> <span class='ocrx_word' id='word_1_184' title='bbox 946 2007 1011 2042; x_wconf 88' lang='lat' dir='ltr'>aut</span> <span class='ocrx_word' id='word_1_185' title='bbox 1034 2020 1106 2042; x_wconf 80' lang='lat' dir='ltr'>nec.</span> 
     </span>
    </p>

    <p class='ocr_par' dir='ltr' id='par_1_12' title="bbox 405 2063 1318 2108">
     <span class='ocr_line' id='line_1_28' title="bbox 405 2063 1318 2108; baseline 0.001 -10"><span class='ocrx_word' id='word_1_186' title='bbox 405 2068 427 2098; x_wconf 83' lang='lat'>4</span> <span class='ocrx_word' id='word_1_187' title='bbox 452 2063 593 2099; x_wconf 85' lang='lat' dir='ltr'>Codex:</span> <span class='ocrx_word' id='word_1_188' title='bbox 619 2068 835 2108; x_wconf 81' lang='lat' dir='ltr'>plauderent,</span> <span class='ocrx_word' id='word_1_189' title='bbox 861 2063 926 2099; x_wconf 86' lang='lat' dir='ltr'>sed</span> <span class='ocrx_word' id='word_1_190' title='bbox 950 2063 1077 2099; x_wconf 87' lang='lat' dir='ltr'>statim</span> <span class='ocrx_word' id='word_1_191' title='bbox 1101 2065 1318 2099; x_wconf 85' lang='lat' dir='ltr'>correctum.</span> 
     </span>
    </p>

    <p class='ocr_par' dir='ltr' id='par_1_13' title="bbox 408 2119 1818 2166">
     <span class='ocr_line' id='line_1_29' title="bbox 408 2119 1818 2166; baseline 0.002 -12"><span class='ocrx_word' id='word_1_192' title='bbox 408 2124 428 2155; x_wconf 89' lang='lat'>5</span> <span class='ocrx_word' id='word_1_193' title='bbox 452 2120 578 2164; x_wconf 82' lang='lat' dir='ltr'>Recte,</span> <span class='ocrx_word' id='word_1_194' title='bbox 603 2121 645 2154; x_wconf 91' lang='lat' dir='ltr'>ut</span> <span class='ocrx_word' id='word_1_195' title='bbox 661 2119 803 2165; x_wconf 83' lang='lat' dir='ltr'>opinor,</span> <span class='ocrx_word' id='word_1_196' title='bbox 823 2120 1047 2155; x_wconf 86' lang='lat' dir='ltr'>Lachmann.</span> <span class='ocrx_word' id='word_1_197' title='bbox 1074 2120 1122 2155; x_wconf 88' lang='lat' dir='ltr'>ad</span> <span class='ocrx_word' id='word_1_198' title='bbox 1138 2121 1283 2155; x_wconf 85' lang='lat' dir='ltr'>Lucret.</span> <span class='ocrx_word' id='word_1_199' title='bbox 1309 2133 1345 2166; x_wconf 90' lang='lat' dir='ltr'>p.</span> <span class='ocrx_word' id='word_1_200' title='bbox 1362 2124 1444 2156; x_wconf 81' lang='lat'><strong>264:</strong></span> <span class='ocrx_word' id='word_1_201' title='bbox 1470 2125 1575 2156; x_wconf 83' lang='lat' dir='ltr'>donat</span> <span class='ocrx_word' id='word_1_202' title='bbox 1592 2121 1625 2156; x_wconf 90' lang='lat' dir='ltr'>ei</span> <span class='ocrx_word' id='word_1_203' title='bbox 1648 2126 1751 2157; x_wconf 82' lang='lat' dir='ltr'>multa</span> <span class='ocrx_word' id='word_1_204' title='bbox 1773 2142 1818 2147; x_wconf 83' lang='lat'>—</span> 
     </span>
    </p>
   </div>
   <div class='ocr_carea' id='block_1_7' title="bbox 291 2177 1816 2270">
    <p class='ocr_par' dir='ltr' id='par_1_14' title="bbox 291 2177 1816 2270">
     <span class='ocr_line' id='line_1_30' title="bbox 291 2177 1816 2223; baseline 0.001 -11"><span class='ocrx_word' id='word_1_205' title='bbox 291 2183 397 2217; x_wconf 78' lang='lat' dir='ltr'>esset,</span> <span class='ocrx_word' id='word_1_206' title='bbox 434 2177 499 2211; x_wconf 84' lang='lat' dir='ltr'>aut</span> <span class='ocrx_word' id='word_1_207' title='bbox 528 2179 724 2211; x_wconf 75' lang='lat' dir='ltr'>histrionem</span> <span class='ocrx_word' id='word_1_208' title='bbox 753 2196 795 2202; x_wconf 90' lang='lat'>—-</span> <span class='ocrx_word' id='word_1_209' title='bbox 825 2183 999 2221; x_wconf 82' lang='lat' dir='ltr'>spectaret</span> <span class='ocrx_word' id='word_1_210' title='bbox 1035 2177 1100 2211; x_wconf 85' lang='lat' dir='ltr'>aut</span> <span class='ocrx_word' id='word_1_211' title='bbox 1131 2179 1296 2212; x_wconf 80' lang='lat' dir='ltr'>tibicinem</span> <span class='ocrx_word' id='word_1_212' title='bbox 1320 2197 1363 2203; x_wconf 94' lang='lat'>—</span> <span class='ocrx_word' id='word_1_213' title='bbox 1388 2177 1454 2212; x_wconf 66' lang='lat' dir='ltr'>aut</span> <span class='ocrx_word' id='word_1_214' title='bbox 1482 2181 1622 2223; x_wconf 73' lang='lat' dir='ltr'>aurique</span> <span class='ocrx_word' id='word_1_215' title='bbox 1647 2177 1816 2223; x_wconf 78' lang='lat' dir='ltr'>agitandi</span> 
     </span>
     <span class='ocr_line' id='line_1_31' title="bbox 291 2236 578 2270; baseline -0.01 0"><span class='ocrx_word' id='word_1_216' title='bbox 291 2240 443 2270; x_wconf 81' lang='lat' dir='ltr'>monstra</span> <span class='ocrx_word' id='word_1_217' title='bbox 466 2236 578 2267; x_wconf 83' lang='lat' dir='ltr'>daret.</span> 
     </span>
    </p>
   </div>
   <div class='ocr_carea' id='block_1_8' title="bbox 294 2287 1817 2896">
    <p class='ocr_par' dir='ltr' id='par_1_15' title="bbox 404 2287 666 2323">
     <span class='ocr_line' id='line_1_32' title="bbox 404 2287 666 2323; baseline 0 0"><span class='ocrx_word' id='word_1_218' title='bbox 404 2293 425 2323; x_wconf 83' lang='lat'>6</span> <span class='ocrx_word' id='word_1_219' title='bbox 449 2288 508 2323; x_wconf 88' lang='lat' dir='ltr'>Ita</span> <span class='ocrx_word' id='word_1_220' title='bbox 532 2287 666 2323; x_wconf 84' lang='lat' dir='ltr'>Codex.</span> 
     </span>
    </p>

    <p class='ocr_par' dir='ltr' id='par_1_16' title="bbox 405 2343 783 2389">
     <span class='ocr_line' id='line_1_33' title="bbox 405 2343 783 2389; baseline -0.003 -9"><span class='ocrx_word' id='word_1_221' title='bbox 405 2349 424 2380; x_wconf 81' lang='lat'><strong>7</strong></span> <span class='ocrx_word' id='word_1_222' title='bbox 452 2343 593 2380; x_wconf 86' lang='lat' dir='ltr'>Codex:</span> <span class='ocrx_word' id='word_1_223' title='bbox 619 2347 783 2389; x_wconf 72' lang='lat' dir='ltr'>ayitandi.</span> 
     </span>
    </p>

    <p class='ocr_par' dir='ltr' id='par_1_17' title="bbox 405 2400 742 2437">
     <span class='ocr_line' id='line_1_34' title="bbox 405 2400 742 2437; baseline -0.006 0"><span class='ocrx_word' id='word_1_224' title='bbox 405 2405 426 2437; x_wconf 92' lang='grc'>8</span> <span class='ocrx_word' id='word_1_225' title='bbox 451 2400 592 2436; x_wconf 86' lang='lat' dir='ltr'>Codex:</span> <span class='ocrx_word' id='word_1_226' title='bbox 616 2413 742 2436; x_wconf 81' lang='lat' dir='ltr'>somno.</span> 
     </span>
    </p>

    <p class='ocr_par' dir='ltr' id='par_1_18' title="bbox 405 2456 1105 2493">
     <span class='ocr_line' id='line_1_35' title="bbox 405 2456 1105 2493; baseline 0 -1"><span class='ocrx_word' id='word_1_227' title='bbox 405 2461 426 2492; x_wconf 84' lang='grc'><strong>9</strong></span> <span class='ocrx_word' id='word_1_228' title='bbox 451 2456 591 2492; x_wconf 85' lang='lat' dir='ltr'>Codex:</span> <span class='ocrx_word' id='word_1_229' title='bbox 615 2460 801 2492; x_wconf 77' lang='lat' dir='ltr'>adversum.</span> <span class='ocrx_word' id='word_1_230' title='bbox 851 2456 951 2493; x_wconf 89' lang='lat' dir='ltr'>Corr.</span> <span class='ocrx_word' id='word_1_231' title='bbox 976 2456 1105 2493; x_wconf 87' lang='lat' dir='ltr'>Maius.</span> 
     </span>
    </p>

    <p class='ocr_par' dir='ltr' id='par_1_19' title="bbox 384 2512 1296 2559">
     <span class='ocr_line' id='line_1_36' title="bbox 384 2512 1296 2559; baseline 0.001 -11"><span class='ocrx_word' id='word_1_232' title='bbox 384 2518 427 2549; x_wconf 94' lang='lat' dir='ltr'>1o</span> <span class='ocrx_word' id='word_1_233' title='bbox 452 2512 608 2548; x_wconf 87' lang='lat' dir='ltr'>Coniicit</span> <span class='ocrx_word' id='word_1_234' title='bbox 633 2512 806 2548; x_wconf 81' lang='lat' dir='ltr'>Orellius:</span> <span class='ocrx_word' id='word_1_235' title='bbox 837 2518 963 2550; x_wconf 83' lang='lat' dir='ltr'>somnio</span> <span class='ocrx_word' id='word_1_236' title='bbox 988 2517 1100 2550; x_wconf 84' lang='lat' dir='ltr'>divino</span> <span class='ocrx_word' id='word_1_237' title='bbox 1125 2527 1210 2559; x_wconf 82' lang='lat' dir='ltr'>opus</span> <span class='ocrx_word' id='word_1_238' title='bbox 1234 2521 1296 2549; x_wconf 82' lang='lat' dir='ltr'>est.</span> 
     </span>
    </p>

    <p class='ocr_par' dir='ltr' id='par_1_20' title="bbox 386 2569 1318 2616">
     <span class='ocr_line' id='line_1_37' title="bbox 386 2569 1318 2616; baseline 0.001 -12"><span class='ocrx_word' id='word_1_239' title='bbox 386 2574 426 2605; x_wconf 86' lang='lat'>11</span> <span class='ocrx_word' id='word_1_240' title='bbox 453 2569 541 2605; x_wconf 91' lang='lat' dir='ltr'>Cod.</span> <span class='ocrx_word' id='word_1_241' title='bbox 568 2580 638 2605; x_wconf 89' lang='lat' dir='ltr'>sec.</span> <span class='ocrx_word' id='word_1_242' title='bbox 663 2581 731 2605; x_wconf 88' lang='lat' dir='ltr'>m.:</span> <span class='ocrx_word' id='word_1_243' title='bbox 757 2583 900 2616; x_wconf 79' lang='lat' dir='ltr'>quaque,</span> <span class='ocrx_word' id='word_1_244' title='bbox 937 2570 977 2606; x_wconf 89' lang='lat' dir='ltr'>at</span> <span class='ocrx_word' id='word_1_245' title='bbox 998 2582 1054 2615; x_wconf 89' lang='lat' dir='ltr'>pr.</span> <span class='ocrx_word' id='word_1_246' title='bbox 1081 2582 1129 2605; x_wconf 91' lang='lat' dir='ltr'>m.</span> <span class='ocrx_word' id='word_1_247' title='bbox 1156 2583 1318 2616; x_wconf 80' lang='lat' dir='ltr'>quoaque.</span> 
     </span>
    </p>

    <p class='ocr_par' dir='ltr' id='par_1_21' title="bbox 385 2625 706 2661">
     <span class='ocr_line' id='line_1_38' title="bbox 385 2625 706 2661; baseline 0 -1"><span class='ocrx_word' id='word_1_248' title='bbox 385 2630 426 2661; x_wconf 83' lang='lat'>12</span> <span class='ocrx_word' id='word_1_249' title='bbox 453 2625 592 2661; x_wconf 84' lang='lat' dir='ltr'>Codex:</span> <span class='ocrx_word' id='word_1_250' title='bbox 619 2629 706 2661; x_wconf 79' lang='lat' dir='ltr'>aliis.</span> 
     </span>
    </p>

    <p class='ocr_par' dir='ltr' id='par_1_22' title="bbox 294 2682 1817 2774">
     <span class='ocr_line' id='line_1_39' title="bbox 386 2682 1817 2730; baseline 0.001 -12"><span class='ocrx_word' id='word_1_251' title='bbox 386 2687 427 2719; x_wconf 87' lang='lat'>13</span> <span class='ocrx_word' id='word_1_252' title='bbox 452 2682 644 2718; x_wconf 88' lang='lat' dir='ltr'>Intercidit</span> <span class='ocrx_word' id='word_1_253' title='bbox 677 2687 815 2727; x_wconf 78' lang='lat' dir='ltr'>profeci</span> <span class='ocrx_word' id='word_1_254' title='bbox 847 2683 907 2719; x_wconf 89' lang='lat' dir='ltr'>vel</span> <span class='ocrx_word' id='word_1_255' title='bbox 941 2682 1059 2719; x_wconf 88' lang='lat' dir='ltr'>simile</span> <span class='ocrx_word' id='word_1_256' title='bbox 1097 2682 1196 2727; x_wconf 88' lang='lat' dir='ltr'>quid.</span> <span class='ocrx_word' id='word_1_257' title='bbox 1246 2686 1479 2728; x_wconf 79' lang='lat' dir='ltr'>Heindorfius.</span> <span class='ocrx_word' id='word_1_258' title='bbox 1533 2683 1694 2730; x_wconf 81' lang='lat' dir='ltr'>Explicit</span> <span class='ocrx_word' id='word_1_259' title='bbox 1729 2696 1817 2729; x_wconf 85' lang='lat' dir='ltr'>qua—</span> 
     </span>
     <span class='ocr_line' id='line_1_40' title="bbox 294 2739 511 2774; baseline -0.005 0"><span class='ocrx_word' id='word_1_260' title='bbox 294 2740 413 2774; x_wconf 90' lang='lat' dir='ltr'>ternio</span> <span class='ocrx_word' id='word_1_261' title='bbox 437 2739 511 2774; x_wconf 89' lang='lat' dir='ltr'>XL.</span> 
     </span>
    </p>

    <p class='ocr_par' dir='ltr' id='par_1_23' title="bbox 388 2794 863 2840">
     <span class='ocr_line' id='line_1_41' title="bbox 388 2794 863 2840; baseline 0.002 -11"><span class='ocrx_word' id='word_1_262' title='bbox 388 2798 429 2830; x_wconf 80' lang='grc'>14</span> <span class='ocrx_word' id='word_1_263' title='bbox 452 2794 586 2840; x_wconf 88' lang='lat' dir='ltr'>Incipit</span> <span class='ocrx_word' id='word_1_264' title='bbox 611 2794 698 2831; x_wconf 88' lang='lat' dir='ltr'>Cod.</span> <span class='ocrx_word' id='word_1_265' title='bbox 724 2807 761 2839; x_wconf 92' lang='lat' dir='ltr'>p.</span> <span class='ocrx_word' id='word_1_266' title='bbox 788 2798 863 2831; x_wconf 89' lang='grc'>149.</span> 
     </span>
    </p>

    <p class='ocr_par' dir='ltr' id='par_1_24' title="bbox 387 2851 890 2896">
     <span class='ocr_line' id='line_1_42' title="bbox 387 2851 890 2896; baseline 0 -10"><span class='ocrx_word' id='word_1_267' title='bbox 387 2854 429 2886; x_wconf 84' lang='grc'>15</span> <span class='ocrx_word' id='word_1_268' title='bbox 455 2851 542 2886; x_wconf 84' lang='lat' dir='ltr'>Cod.</span> <span class='ocrx_word' id='word_1_269' title='bbox 567 2863 622 2896; x_wconf 85' lang='lat' dir='ltr'>pr.</span> <span class='ocrx_word' id='word_1_270' title='bbox 648 2862 695 2886; x_wconf 87' lang='lat' dir='ltr'>m.</span> <span class='ocrx_word' id='word_1_271' title='bbox 723 2854 890 2896; x_wconf 76' lang='lat' dir='ltr'>officique.</span> 
     </span>
    </p>
   </div>
  </div>
 </body>
</html>
