1968 3158
245 169 324 211 108
530 166 577 201 Μ.
599 164 825 201 CORNELII
849 162 1126 199 FRONTONIS
1150 162 1490 200 EPISTULARUM

240 286 453 324 simulator
472 293 522 321 ae
542 281 834 325 dissimulator‚·
864 277 1056 318 Tullium
1070 291 1170 319 vero
1191 277 1542 320 commotissima¹
1575 281 1618 321 et
1643 279 1767 330 fami->

241 349 337 390 liari
368 346 607 390 oratoribus
637 345 776 401 figura
805 359 950 399 usum,
992 351 1120 400 quani
1158 345 1386 400 scriptores
1417 345 1572 388 artium
1609 347 1767 390 ἐπανα-

242 416 414 470 φορὰνῑι
445 413 626 456 vocant2
666 446 992 455 ..........
1032 412 1155 462 3Quis
1184 417 1429 456 clarioribus
1465 417 1563 456 viris
1593 418 1767 466 quodam

241 492 417 535 tempore
447 485 694 524 iucundior?
732 486 819 533 quis
848 484 1099 533 turpioribus
1127 485 1408 523 coniunctior?
1445 485 1533 533 quis
1562 485 1659 523 civis
1688 495 1766 523 me-

241 555 387 593 liorum
416 553 602 602 partium
643 553 892 601 aliquando?
952 553 1041 601 quis
1078 553 1247 591 taetrior
1282 552 1405 591 hostis
1448 552 1541 591 huie
1583 553 1768 591 civitati?

241 623 328 671 quis
366 622 407 660 in
444 619 712 669 voluptatibus
749 620 1024 668 inquinatior?
1078 621 1166 668 quis
1202 621 1243 659 in
1280 619 1484 658 laboribus
1513 620 1767 669 patientior?

241 690 330 738 quis
359 689 400 727 in
430 691 662 737 rapacitate
691 688 886 727 avarior?
915 689 1004 737 quis
1032 689 1074 727 in
1093 688 1310 736 larqitione
1330 688 1527 737 effusior?
1563 684 1623 726 Et
1642 698 1768 739 porro

241 753 440 807 deinceps
471 753 525 794 ab
556 752 702 794 eodem
730 752 814 794 isto
842 753 970 795 verbo
1001 752 1241 794 sententiae
1270 751 1542 794 inchoantur.
1568 751 1634 800 ,Si
1654 751 1768 794 vide-

240 821 356 862 bitur
391 820 435 862 id
470 821 582 875 quod
621 820 924 862 animadvertit
960 820 1011 863 de
1047 822 1090 862 te
1131 854 1139 862 .
1174 821 1212 862 ‚4
1250 820 1381 863 citato
1419 835 1475 862 an
1511 834 1589 875 pro
1627 821 1768 862 cetero

240 890 395 930 ornatu
425 902 474 930 ac
503 888 692 930 tumultu
721 888 907 930 medium
936 888 1042 930 illud
1078 887 1368 930 inculcatum⁵
1399 889 1474 930 sit:
1519 901 1607 930 eum
1644 891 1767 930 omni-

239 961 312 999 bus
340 961 635 999 communicare
665 960 775 1008 quod
801 959 991 998 habebat:
1021 971 1123 998 nam
1152 955 1258 997 mihi
1288 956 1415 1011 paulo
1445 956 1526 998 hoc
1553 955 1767 1011 volgatius

241 1029 283 1066 ct
312 1024 496 1066 ieiunius
532 1024 712 1066 videtur.
748 1023 873 1083 ‘Non
911 1057 920 1065 .
956 1024 994 1065 ‚⁶
1032 1026 1129 1079 post
1164 1023 1239 1065 illa
1279 1022 1454 1065 Sallusti
1492 1025 1535 1065 et
1564 1022 1677 1065 Tulli
1715 1023 1767 1065 de

241 1092 430 1135 Catilina
468 1092 515 1134 L.
538 1092 707 1134 Antoni
737 1125 746 1134 .
782 1090 817 1133 .⁷
855 1094 954 1134 utus
994 1092 1056 1134 ait
1092 1091 1298 1147 putabam
1335 1091 1583 1133 ostendere8
1624 1124 1632 1133 .
1668 1123 1676 1133 .
1712 1123 1721 1132 .
1756 1124 1764 1132 .

232 1168 405 1213 praeter
443 1167 675 1203 veteranum
714 1193 723 1202 .
760 1195 767 1202 .
808 1161 880 1202 9re
907 1173 1057 1212 maqna
1089 1174 1196 1212 pars
1226 1163 1437 1202 iuventutis
1463 1162 1720 1212 sequebatur.
1734 1158 1766 1185 1⁰

239 1229 401 1271 Idcirco
431 1227 512 1270 hoc
541 1229 588 1270 in
618 1233 774 1281 scripto
803 1230 851 1270 tu
879 1228 1043 1270 faceres
1080 1227 1194 1269 idem
1231 1228 1342 1282 quod
1370 1227 1510 1282 pictor
1545 1227 1618 1282 qui
1646 1242 1767 1268 num-

240 1311 368 1352 quam
389 1311 540 1351 equom
559 1297 736 1352 pingell
771 1330 779 1338 .
805 1329 814 1338 .
840 1329 848 1338 .
874 1329 883 1338 .
915 1310 993 1351 pro
1017 1329 1026 1337 .
1052 1330 1059 1338 .
1085 1295 1140 1337 ‚12
1169 1295 1326 1351 pingit.
1371 1294 1607 1350 Iugurthae
1628 1295 1769 1337 forma

241 1364 445 1406 eiusmodi
476 1364 605 1406 est¹3z
639 1367 716 1414 Qui
743 1368 812 1407 ubi
836 1368 1010 1416 primum
1031 1367 1217 1412 adolevit,
1246 1368 1402 1416 pollens
1422 1367 1582 1415 viribus,
1617 1367 1768 1406 decora

234 1435 364 1484 faeie,
397 1436 470 1474 sed
496 1436 618 1474 multo
647 1436 823 1474 maxime
842 1436 1003 1484 inqenio
1024 1436 1191 1482 validus,
1228 1445 1310 1473 non
1330 1445 1371 1473 se
1390 1435 1493 1474 luxu
1513 1445 1642 1483 neque
1661 1436 1767 1474 iner-

239 1504 320 1542 tiae
348 1502 686 1552 corrumpendum
699 1499 731 1525 ¹4
762 1503 872 1542 dedit
878 1515 893 1549 ;
937 1503 1010 1542 sed
1037 1503 1096 1541 uti
1122 1513 1206 1542 mos
1240 1503 1372 1551 ‚qentis
1409 1503 1516 1541 illius
1545 1506 1624 1553 est,
1661 1503 1768 1551 equi-

239 1575 347 1615 tare,
389 1571 583 1619 iaculari,
635 1581 759 1610 eursu
796 1582 887 1610 cum
925 1570 1163 1619 aequalibus
1198 1573 1380 1609 certare:
1428 1574 1466 1609 et
1509 1580 1599 1609 eum
1644 1571 1770 1609 omnis

237 1640 373 1688 ,qloria
411 1640 600 1687 anteiret,
652 1638 829 1678 omnibus
864 1642 998 1677 tamen
1034 1649 1158 1677 carus
1201 1649 1294 1677 esse.
1362 1638 1430 1677 Aa
1462 1638 1539 1677 ltoe
1568 1639 1769 1687 pleraque

241 1711 419 1757 tempora
449 1708 491 1746 in
522 1707 707 1746 venando
737 1717 871 1755 aqere,
903 1707 1057 1746 leonem
1088 1711 1209 1756 atque
1238 1707 1342 1745 alias
1365 1705 1486 1754 feras
1511 1707 1668 1755 primus
1695 1710 1768 1745 aut

238 1776 280 1814 in
303 1776 452 1824 primis
475 1774 628 1822 ferire,
659 1776 882 1824 plurimum
916 1774 1079 1823 faeere,
1119 1776 1324 1814 minimum
1355 1775 1439 1824 ipse
1476 1774 1526 1813 de
1563 1785 1606 1813 se
1643 1774 1764 1822 loqui.

239 1839 308 1881 Na
341 1873 1040 1882 .................

354 1997 377 2022 a
402 1988 444 2021 In
468 1990 634 2032 margine:
662 1985 757 2029 Quid
782 1987 837 2022 est
861 1987 1074 2032 epanafora.

355 2140 372 2170 1
397 2135 481 2170 Non
505 2134 594 2169 satis
618 2133 786 2178 intelligo
812 2145 877 2169 cur
900 2133 1018 2169 Maius
1042 2133 1230 2179 scripserit
1254 2136 1527 2175 commodissima,

353 2196 373 2227 2
400 2191 538 2237 Supple
566 2190 727 2234 quatuor
750 2190 957 2226 versiculos.

354 2253 374 2283 3
400 2247 473 2283 Cic.
498 2258 568 2293 pro
594 2246 691 2282 Ooel.
719 2257 748 2282 c.
769 2250 799 2282 6.

351 2309 374 2339 4
398 2304 536 2350 Supple
562 2304 634 2338 duo
659 2304 737 2338 fere
760 2303 886 2338 verba.

354 2365 375 2397 5
397 2360 518 2396 Maius
542 2359 651 2405 legit:
676 2364 890 2404 inculpatum.
940 2358 1100 2395 Cori-exi.

353 2422 373 2452 6
399 2416 537 2462 Supple
563 2416 634 2451 duo
659 2417 737 2451 fere
760 2416 885 2452 verba.

354 2478 372 2508 7
399 2472 538 2519 Supple
562 2484 675 2507 unum
699 2472 863 2508 verbum.

353 2533 374 2564 8
399 2529 538 2575 Supple
563 2529 635 2564 duo
659 2529 737 2565 fere
761 2529 886 2564 verba.

353 2590 373 2621 9
399 2585 536 2631 Supple
561 2587 636 2621 tres
661 2585 726 2621 aut
750 2586 910 2630 quatuor
932 2584 1088 2621 litteras.

333 2647 374 2678 10
396 2642 578 2677 Videntur
601 2642 707 2677 nobis
730 2642 823 2678 haec
845 2642 962 2678 verba
987 2654 1031 2678 ex
1055 2642 1178 2687 aliquo
1203 2642 1382 2688 scriptore
1407 2641 1561 2678 laudari.

333 2703 372 2733 11
399 2698 538 2744 Supple
562 2710 675 2733 unum
698 2698 864 2734 verbum.

332 2758 374 2789 12
399 2754 537 2800 supple
562 2754 724 2800 quinque
749 2755 826 2791 fere
849 2752 1058 2791 versiculos.

333 2814 375 2846 13
400 2809 545 2846 Sallust.
572 2811 738 2857 Iugurth.
766 2823 794 2847 c.
815 2815 846 2847 6.

333 2870 375 2902 14
401 2865 540 2903 Codex:
565 2880 671 2914 neque
695 2871 984 2913 corrumpendum.
