1968 3158
351 178 416 213 AD
444 175 617 214 VERUM
643 178 802 214 IMPER.
830 178 1083 215 AURELIUM
1108 179 1367 216 CAESAREM
1391 180 1536 216 LIBER
1560 181 1605 216 11.
1670 181 1750 224 123

140 332 144 336 .
208 293 336 352 citat,
368 293 669 349 inpudentiam
701 294 934 350 extinguit,
967 295 1173 337 virtutem
1205 294 1467 350 cohortatur,
1501 295 1607 338 vitia
1639 311 1750 338 com—

204 361 340 416 futat,
381 362 552 417 suadet,
595 362 775 418 mulcet,
816 362 962 418 docet,
1005 363 1265 406 consolatur.
1328 363 1525 420 Denique
1564 379 1749 420 provoco

206 430 410 473 audacter
441 431 504 472 et¹
542 431 794 473 condicione
823 433 988 474 vetere:
1041 431 1228 474 omittite
1269 432 1566 488 eloquentiam
1599 436 1642 475 et
1671 433 1748 475 im-

134 504 143 509 '
204 501 375 555 perate3
407 500 623 542 orationes
652 500 697 542 in
721 501 874 542 senatu
895 498 1054 541 habere
1085 500 1272 542 omittite
1303 503 1346 543 et
1367 501 1621 544 Armeniam
1652 502 1748 543 sub-

204 567 332 623 igite:
365 567 438 609 alii
468 582 636 624 quoque
667 567 796 610 duces
826 569 927 610 ante
956 582 1032 609 vos
1064 567 1317 610 Armeniam
1349 570 1637 626 subegerunt:
1674 570 1748 612 sed

204 650 311 690 una,
344 635 630 691 mehercules,
671 638 748 677 tua
779 635 986 691 epistula,
1027 650 1114 677 una
1145 637 1209 678 tui
1239 637 1387 679 fratris
1420 638 1471 680 de
1502 641 1545 680 te
1575 639 1747 694 tuisque

206 703 437 746 virtutibus
468 703 605 745 oratio
643 703 829 746 nobilior
869 704 923 746 ad
964 704 1147 760 gloriam
1179 707 1222 746 et
1252 705 1305 747 ad
1335 708 1529 761 posteros
1562 707 1747 750 celebra-

202 771 288 814 tior
317 771 400 814 erit
436 786 565 827 quam
595 772 786 828 plerique
825 773 1072 828 principum
1101 772 1324 828 triumphi.
1387 773 1618 817 Ventidius
1656 775 1744 830 ille,

202 841 432 895 postquam
461 839 647 882 Parthos
676 840 790 882 fudit
822 840 1097 897 fugavitque,
1132 841 1184 883 ad
1215 842 1443 884 victoriam
1474 858 1595 886 suam
1625 859 1746 900 prae—

203 908 444 964 dicandam,
476 909 717 951 'orationem
748 924 773 951 a
805 909 857 951 G.
893 909 1123 952 Sallustio2
1154 912 1376 952 mutuatus
1408 913 1494 953 est:
1528 915 1570 954 et
1601 912 1746 955 Nerva

201 976 319 1019 facta
357 991 434 1019 sua
479 977 528 1019 in
568 980 722 1020 senatu
766 978 906 1020 verbis
944 978 1195 1034 rogaticiisa
1237 980 1566 1022 commendavit.
1635 981 1747 1023 Item

202 1043 394 1100 plerique
426 1047 527 1088 ante
567 1048 770 1101 parentes
800 1047 966 1089 vestros
1004 1046 1314 1102 propemodum
1343 1047 1536 1090 infantes
1568 1051 1611 1091 et
1642 1050 1746 1092 elin-

202 1127 308 1170 gues
338 1113 557 1170 principes
587 1113 786 1170 fuerunt,
828 1115 901 1170 qui
933 1115 983 1157 de
1014 1115 1142 1157 rebus
1173 1114 1355 1158 militiae
1387 1131 1411 1158 a
1442 1131 1486 1158 se
1518 1118 1652 1173 gestis
1683 1119 1746 1160 ni-

201 1181 264 1223 hil
301 1182 441 1238 magis
479 1182 595 1238 loqui
632 1185 811 1238 possent
856 1198 984 1239 quam
1020 1183 1170 1240 galeae
1200 1183 1449 1239 loquuntur.
1511 1185 1748 1242 Postquam

201 1264 313 1306 resp.
359 1265 384 1292 a
419 1251 748 1307 magistratibus
796 1251 953 1294 annuis
995 1252 1049 1294 ad
1089 1251 1140 1295 G.
1176 1251 1434 1295 Caesaremb
1474 1256 1517 1295 et
1555 1269 1654 1297 mox
1694 1255 1747 1297 ad

201 1319 450 1376 Augustum
479 1319 639 1376 tralata
670 1314 757 1375 est,
792 1318 966 1363 Caesari
998 1321 1170 1376 quidem
1199 1321 1455 1364 facultatem
1486 1322 1655 1365 dicendi
1686 1324 1746 1366 vi-

201 1387 279 1429 deo
313 1387 700 1444 J³imperatoriam⁴
739 1388 893 1444 fuisse,
925 1390 1175 1445 Augustum
1214 1404 1314 1432 vero
1362 1390 1522 1432 saeculi
1560 1392 1745 1434 residui⁵

201 1455 423 1512 eleganter
453 1458 496 1499 et
526 1456 686 1512 latine,
719 1450 910 1513 ‘linguae
949 1458 1176 1500 etiamtum
1214 1458 1388 1515 integro
1427 1459 1572 1515 lepore
1602 1461 1746 1515 potius

202 1539 331 1581 quam
377 1525 546 1567 dicendi
597 1525 794 1567 ubertate
852 1526 1096 1581 praeditum
1140 1528 1260 1582 puto.
1345 1526 1450 1569 Post
1494 1529 1746 1584 Augustum

201 1592 403 1635 nonnihil
443 1593 722 1649 reliquiarum
762 1593 850 1635 iam
881 1596 924 1636 et
954 1594 1167 1636 vietarum
1198 1597 1240 1637 et
1270 1595 1587 1638 tabescentium
1621 1596 1745 1639 Tibe·

201 1661 264 1703 rio
301 1661 366 1705 illi
397 1661 674 1717 superfuisse.
736 1661 1024 1717 Imperatores
1065 1664 1209 1705 autem
1246 1663 1450 1719 deinceps
1491 1665 1543 1706 ad
1581 1664 1744 1720 Vespa-

201 1730 370 1772 sianum
400 1744 534 1786 usque
557 1729 763 1772 eiusmodi
794 1744 956 1784 omnes,
989 1733 1038 1772 ut
1063 1745 1152 1773 non
1182 1732 1326 1774 minus
1354 1732 1584 1774 verborum
1614 1733 1744 1788 pude-

202 1799 282 1853 ret,
316 1813 446 1854 quam
475 1798 645 1854 pigeret
675 1813 843 1840 morum
875 1800 918 1840 et
947 1799 1171 1841 misereret
1199 1799 1457 1842 facinorum.

314 1865 435 1916 Quod
465 1866 560 1922 quis
591 1866 728 1921 dicat,
762 1881 851 1908 non
882 1867 997 1909 enim
1027 1867 1287 1910 didicerant:
1333 1869 1438 1924 qur⁶
1470 1883 1572 1925 ergo
1611 1870 1743 1925 impe-

200 1935 379 1989 rabant,
411 1934 510 1976 aut⁷
540 1934 806 1990 imperarent
826 1936 954 1991 gestu
977 1950 1144 1990 censeo,
1166 1937 1216 1977 ut
1235 1935 1488 1992 histriones3
1522 1939 1597 1979 aut
1617 1940 1741 1993 nutu,

199 2006 248 2045 ut
278 2003 407 2058 muti3
440 2006 515 2045 aut
544 2017 621 2058 per
651 2003 949 2058 interpretem,
981 2005 1031 2045 ut
1062 2004 1275 2046 barbarie.

313 2106 336 2130 a
362 2097 406 2130 In
430 2097 596 2139 maryine,
623 2096 680 2129 uhi
701 2098 872 2139 repetitur·
897 2099 1008 2134 Iocus,
1037 2101 1088 2129 est
1113 2094 1329 2140 rogatariis.

313 2151 338 2186 b
365 2154 408 2186 In
432 2155 606 2196 margine:
645 2150 700 2185 De
726 2150 769 2189 G.
797 2150 967 2187 Caesaris
994 2151 1226 2196 eloquentia,
1258 2151 1303 2187 de
1334 2151 1498 2198 Augusti
1522 2152 1670 2188 dicendi
1693 2153 1744 2189 le-

199 2219 301 2254 pore,
327 2208 372 2244 de
398 2207 539 2244 Tiberii
562 2207 743 2243 nonnulla
765 2207 958 2244 litteratae
984 2208 1177 2250 scientiae,
1217 2208 1262 2244 de
1289 2209 1518 2254 reliquorum
1541 2209 1743 2256 imperato-

201 2277 283 2300 rum
307 2264 484 2311 inperitia
509 2266 597 2310 (sic).

314 2333 334 2357 c
358 2325 402 2357 In
426 2325 595 2367 margine:
622 2320 752 2357 Sinon
769 2321 989 2366 didicerant,
1016 2334 1080 2358 cur
1096 2323 1360 2369 imperabant?
1384 2323 1617 2369 imperarent
1634 2326 1743 2370 gestu

199 2380 242 2414 ut
265 2378 477 2421 histriones,
502 2378 595 2413 nutu
619 2378 661 2413 ut
684 2378 790 2422 muti,
816 2380 882 2414 aut
904 2390 974 2425 per
997 2379 1245 2425 interpretem
1270 2380 1312 2414 ut
1335 2379 1499 2415 barbari.

317 2450 332 2480 1
360 2445 441 2481 Om.
466 2445 598 2481 Maius.
646 2446 733 2481 Mox
757 2445 943 2492 Hauptius
962 2451 1157 2483 Armeniam
1182 2447 1345 2493 subigite
1370 2459 1439 2493 pro
1464 2451 1614 2490 subicite,
1641 2450 1742 2494 quod

199 2503 275 2549 legi
299 2502 446 2538 videtur
468 2501 508 2536 in
533 2501 679 2538 Codice.

314 2564 334 2594 2
360 2559 541 2594 Notemus
572 2558 738 2594 Sallustii
770 2559 1009 2605 deperditam
1042 2560 1261 2596 orationem.
1311 2560 1479 2596 Ventidii
1509 2560 1740 2607 triumphum

200 2616 386 2652 memorat
408 2615 563 2661 praeter
587 2614 680 2651 alios
705 2617 876 2651 auctores
900 2616 971 2651 Dio
996 2621 1057 2660 49,
1089 2621 1143 2652 21.
1195 2620 1320 2652 Maius.
1447 2615 1449 2618 ’

314 2678 335 2708 3
360 2671 496 2718 Incipit
520 2671 609 2707 Cod.
635 2671 806 2708 Ambros.
834 2685 870 2718 p.
897 2676 974 2709 412.

317 2734 338 2764 4
363 2729 456 2764 Tres
481 2727 710 2774 posteriores
725 2728 876 2764 litterae
900 2741 976 2765 non
1001 2731 1197 2776 apparent.
1250 2730 1445 2776 Supplevit
1468 2731 1600 2767 Maius.

315 2791 335 2822 5
361 2785 503 2821 Codex:
529 2784 619 2821 RES
647 2813 797 2820 .....
824 2785 1066 2822 Niebuhrius:
1092 2790 1234 2822 residua
1259 2791 1440 2833 elegantia.

315 2847 335 2877 6
360 2843 418 2877 Ita
442 2841 577 2878 Codex.

315 2903 334 2934 7
359 2898 595 2934 Heindorfius
620 2898 750 2934 scribit
774 2907 820 2934 ut.
