1968 3158
243 149 322 196 118
523 153 570 188 M.
592 151 818 187 CORNELII
842 151 1118 188 PRONTole
1142 152 1485 191 EPISTULARUM

240 269 456 321 praestare
486 265 659 319 possim,
692 280 821 320 quam
851 267 900 306 ut
929 279 1003 307 vos
1033 265 1117 308 illis
1150 269 1421 322 anteponam.
1472 270 1503 324 ξ’
1551 269 1621 312 Sic
1652 270 1766 312 enim

239 335 431 388 profecto
461 333 666 387 merebor,
699 334 748 374 ut
778 347 850 375 vos
880 348 1045 389 quoque
1075 333 1170 376 illos
1201 334 1308 376 mihi
1339 338 1624 391 anteponatis.

354 400 434 442 Sed
477 415 531 441 ne
569 400 728 441 diutius
767 400 1058 443 defensionem
1100 416 1240 443 meam
1278 402 1491 458 differam,
1537 405 1678 459 nulla,
1718 408 1768 447 ut

239 468 339 522 dixi,
372 483 466 509 mea
498 468 622 523 culpa
653 468 821 523 accidit,
853 470 903 510 ut
922 471 965 511 te
994 484 1081 511 non
1104 471 1387 512 convenirem.
1426 470 1540 513 Nam
1561 470 1611 514 eir
1631 472 1766 514 hortis

240 550 318 591 ego
350 535 456 577 redii
487 535 668 577 Romam
699 538 799 578 ante
830 536 941 578 diem
981 537 1179 592 quintum
1208 537 1293 580 kal.
1326 538 1448 594 april.
1481 539 1678 595 diluculo,
1718 542 1769 581 ut

241 638 248 644 .
275 637 282 644 .
316 603 375 644 ²si
408 617 577 658 possem
601 605 644 645 te
673 603 803 659 longo
832 607 930 659 post
959 607 1149 660 tempore
1182 606 1476 648 convenirem-³.
1517 605 1600 649 Sed
1624 608 1697 649 e0⁴
1722 642 1730 649 .
1756 642 1764 648 .

239 673 303 712 est
336 705 343 712 .
379 705 386 712 .
419 685 473 712 ne
503 671 550 712 in
578 673 703 713 tanta
733 686 957 728 pergerem
990 707 996 714 .
1025 707 1032 714 .
1065 675 1114 714 ut
1142 673 1360 715 facerem?
1405 674 1519 716 satin
1549 674 1689 716 salvae
1719 677 1768 717 ut

238 739 542 794 percontarer?
590 754 645 780 an
674 741 724 781 ut
755 741 1089 795 complecterer?
1134 756 1190 782 an
1218 744 1268 783 ut
1299 742 1595 784 exoscularer‘?
1634 757 1690 784 an
1719 745 1768 785 ut

240 807 570 849 confabularer?
619 822 675 848 an
713 822 792 863 ego
837 811 988 863 quarto
1032 811 1130 863 post
1172 823 1318 851 mense
1361 810 1560 852 lacrimas
1603 812 1767 852 vestras

239 877 481 930 spectatum
509 889 709 930 measque
740 877 1003 918 ostentatum
1023 876 1244 919 venirem?
1293 876 1403 926 Quid
1432 878 1567 933 igitur
1596 880 1767 933 postero

239 943 305 984 die
334 942 449 984 feci?
497 942 596 985 Non
627 958 720 985 sum
751 958 877 986 ausus
908 958 1045 999 neque
1075 944 1202 986 fratri
1227 947 1301 986 tuo
1321 960 1459 1000 neque
1480 945 1561 987 tibi
1582 945 1769 987 scribere

238 1025 305 1052 me
337 1010 390 1052 ad
421 1025 492 1052 vos
524 1025 614 1053 esse
643 1014 890 1066 venturum,
925 1013 997 1054 sed
1029 1012 1082 1053 ad
1111 1012 1312 1054 libertum
1341 1015 1530 1055 vestrum
1551 1012 1768 1055 Charilam

238 1079 467 1134 perscripsi
487 1078 568 1134 his,
602 1079 637 1121 si
664 1081 781 1122 recte
802 1080 992 1134 memini,
1026 1079 1186 1122 verbis:
1218 1080 1325 1133 Ἆρα
1357 1082 1538 1134 εήμερον
1570 1081 1766 1133 εὔκαιρόν

239 1147 347 1190 ἐςτιν
379 1147 598 1200 ἀφικέεθαι
637 1162 686 1200 με
717 1149 825 1199 πρὸς
863 1149 1038 1199 αὐτούς
1079 1149 1125 1191 co
1155 1147 1235 1201 ’μοι
1277 1149 1472 1200 δήλωεον
1508 1148 1663 1191 ὡεανεὶ
1702 1149 1768 1191 εὔ-

239 1229 364 1267 φρων
396 1215 521 1268 κάμοὶ
551 1216 696 1268 φίλος·
728 1216 853 1268 κάμοὶ
883 1217 947 1259 ὅδ’
979 1216 1256 1270 ἐπέετειλενὸ,
1295 1215 1341 1256 ni
1373 1230 1452 1270 ego
1482 1216 1528 1257 in
1558 1216 1768 1271 palatium

241 1383 1764 1393 ····································

370 1451 377 1458 .
414 1417 620 1471 [ssvestrae
650 1433 727 1473 pro
757 1433 803 1460 re
823 1421 928 1460 nata
949 1423 1239 1471 occupationes
1272 1452 1279 1459 .
1316 1452 1323 1459 .
1358 1418 1473 1460 aliud
1496 1452 1641 1460 .....
1674 1433 1767 1474 per-

240 1486 459 1526 contatum
490 1501 546 1527 an
575 1486 717 1528 videre
747 1501 814 1528 me
834 1488 997 1541 posset,
1028 1488 1256 1541 postquam
1281 1486 1481 1541 respondi
1501 1500 1639 1541 posse,
1673 1500 1766 1528 suc-

241 1552 464 1595 cidaneum
509 1553 590 1595 sibi
634 1553 931 1609 Tranquillum
979 1555 1175 1596 nostrum
1223 1553 1412 1609 paravit,
1464 1568 1590 1608 quem
1639 1548 1768 1596 etiam

355 1725 370 1755 1
396 1721 532 1767 Incipit
557 1721 643 1757 Cod.
671 1723 798 1757 Ambr.
825 1735 860 1768 p.
879 1726 957 1758 443.

352 1782 372 1812 2
396 1778 514 1813 Maius
539 1778 732 1814 adnotavit
756 1790 819 1814 sex
842 1778 986 1814 litteras
1012 1778 1236 1824 supplendas
1262 1789 1350 1814 esse.
1377 1779 1436 1814 Du
1452 1779 1547 1814 Rieu
1569 1779 1608 1815 in
1633 1779 1767 1815 Codice

239 1833 331 1868 vidit
355 1834 515 1879 vestigia
539 1835 615 1870 fere
641 1834 815 1879 evanida,
846 1846 940 1879 quae
966 1835 1100 1870 ducere
1125 1834 1349 1870 videbantur
1378 1835 1443 1870 ad:
1471 1864 1476 1870 .
1498 1864 1504 1871 .
1527 1836 1768 1880 .PERILLA,

239 1890 304 1925 sed
329 1890 430 1925 locus
455 1891 655 1925 admodum
679 1891 776 1926 male
800 1891 950 1927 habitus
977 1892 1041 1927 est.
1091 1892 1264 1927 Fortasse
1287 1892 1397 1927 latet:
1422 1899 1568 1937 propter
1591 1896 1658 1927 illa.

352 1951 372 1981 3
398 1946 457 1981 Sic
481 1946 610 1982 Maius,
665 1947 723 1981 Du
753 1947 847 1983 Rieu
876 1947 1003 1983 videre
1034 1947 1105 1982 sibi
1136 1947 1349 1983 videbatur:
1389 1946 1663 1992 COfflSUERO,
1703 1949 1766 1984 sed

241 2002 438 2038 lectionem
461 2015 536 2038 non
559 2005 736 2048 praestat.

353 2063 374 2093 4
399 2058 536 2104 Supple
560 2071 687 2095 versus
711 2060 849 2096 decem.
901 2061 995 2095 Tum
1026 2060 1193 2105 sequitur
1223 2060 1373 2095 ultimus
1403 2059 1603 2096 versiculus
1633 2062 1768 2107 prioris

242 2114 448 2158 columnae;
474 2116 593 2151 altera
615 2116 746 2162 incipit
770 2128 792 2151 a
815 2115 954 2152 verbis:
980 2123 1016 2151 ut
1037 2119 1198 2159 facerem.
1247 2116 1404 2162 Supplet
1420 2117 1671 2152 Heindorfius:
1698 2121 1770 2153 Sed

241 2185 279 2206 eo
305 2171 485 2207 remorari
508 2171 626 2207 visum
651 2180 702 2207 est
727 2172 1005 2219 aliquantisper,
1036 2185 1078 2207 ne
1101 2176 1136 2208 in
1161 2180 1256 2207 tanta
1279 2174 1405 2208 vestra
1430 2172 1670 2218 occupatione
1695 2175 1767 2210 sta-

240 2227 309 2262 tim
334 2227 382 2262 ad
405 2239 470 2263 vos
493 2242 683 2273 peryerem.
732 2228 828 2271 Quid
852 2237 887 2264 ut
909 2233 1084 2273 facerem?

354 2288 374 2319 5
400 2284 539 2320 Codex:
583 2314 623 2320 ..
659 2286 892 2322 xehMePON
924 2286 1155 2322 ΕΥΚΑΙΡΟΝ
1192 2306 1236 2310 -
1258 2306 1303 2310 —-
1339 2286 1532 2322 ΕΜΦΡΩΝ
1573 2287 1764 2323 ΚΑΜΟΙΟΙ

242 2342 636 2378 ΛΟΕΚΑΜΟΙΕΕΟΠΕ
662 2370 668 2376 .
689 2370 694 2376 .
723 2343 843 2386 (ΟΛ.,
869 2342 935 2377 sed
959 2342 1154 2377 duodecim
1177 2342 1389 2387 postremae
1413 2342 1560 2377 litterae
1584 2342 1692 2378 valde
1716 2342 1768 2377 in-

242 2393 364 2432 certae
390 2398 484 2432 sunt.
532 2398 663 2443 Itaque
689 2398 787 2444 quod
815 2398 900 2434 dedi
923 2409 996 2434 non
1029 2399 1171 2434 certum
1203 2399 1275 2442 est,
1306 2398 1371 2434 sed
1399 2399 1526 2433 tamen
1557 2398 1766 2434 verisimile.

241 2453 350 2497 Apud
373 2453 514 2489 Maium
536 2454 746 2500 posteriora
769 2454 842 2490 tria
866 2455 981 2491 verba
1006 2455 1243 2497 omittuntur3
1275 2454 1402 2500 priora
1432 2459 1593 2500 prorsus
1609 2455 1768 2491 absurde

242 2508 344 2544 edita
368 2511 462 2545 sunt.

354 2570 373 2599 6
400 2566 573 2611 Sequitur
598 2566 686 2603 Cod.
705 2567 832 2602 Ambr.
851 2580 886 2613 p.
907 2571 983 2611 446,
1009 2568 1144 2611 lacera,
1170 2569 1338 2611 obscura,
1363 2579 1480 2603 erasa.
1525 2567 1597 2603 Sex
1622 2568 1768 2603 tantum

242 2623 356 2658 verba
379 2623 496 2658 Maius
521 2623 614 2658 vidit
637 2624 676 2658 in
699 2623 885 2669 margine,
917 2635 1011 2669 quae
1041 2625 1194 2670 praeter
1223 2625 1455 2669 postremum
1479 2627 1573 2659 aliud
1602 2623 1651 2658 du
1673 2623 1768 2659 Rieu

243 2690 389 2723 quoque
413 2680 522 2715 vidit:
547 2680 709 2726 primum
732 2681 859 2716 tamen
882 2692 956 2716 non
979 2681 1127 2716 videtur
1152 2692 1230 2716 esse
1254 2688 1399 2724 vestrae,
1425 2679 1489 2715 sed
1513 2684 1663 2715 destrue.
1707 2679 1768 2716 Se-

243 2737 367 2780 quitur
390 2749 425 2781 p.
444 2741 522 2780 445,
545 2737 675 2772 itidem
691 2738 824 2773 lacera.
857 2737 1070 2783 Suspicatus
1094 2749 1174 2772 sum
1197 2737 1290 2772 haec
1314 2748 1396 2771 cum
1413 2735 1663 2782 superioribus
1686 2747 1768 2771 con-

242 2792 412 2836 haere1·e;
449 2793 622 2828 foliorum
653 2793 865 2829 distributio
891 2794 1023 2829 suadet
1053 2795 1091 2830 et
1122 2794 1381 2839 argumentmn
1412 2792 1589 2838 epistolae
1612 2802 1688 2828 non
1711 2803 1766 2828 re·
1807 2830 1817 2833 ,

166 2895 169 2898 ¹
242 2849 395 2893 pugnat.
