1968 3158
683 164 746 201 DE
770 163 924 201 BELLo
949 163 1204 201 l’Alt'l'lllCO.
1625 165 1711 208 219

143 271 146 274 ⁴
176 270 375 322 tenderat
404 277 498 321 sine
527 278 762 323 offensione
791 278 966 335 potitus.
1018 278 1140 322 Nihil
1170 279 1215 322 in
1247 281 1389 323 aetate
1419 278 1594 337 agunda
1613 278 1708 323 duri

175 348 252 390 aut
281 346 423 390 acerbi
455 349 655 404 expertus
685 361 776 390 esse
807 346 983 390 dicitur:
1014 346 1118 404 quin
1148 347 1228 391 sub
1252 362 1406 391 manus
1428 350 1584 392 cuncta
1604 362 1710 402 quae

174 418 299 460 voluit
327 429 477 471 prosus
507 420 666 469 redeqit
685 417 850 468 fuitque
880 414 1164 458 beatissimus.
1228 418 1376 467 Quibus
1406 420 1458 460 de
1486 419 1603 460 rebus
1634 430 1707 459 rex

176 483 348 527 Amasis
379 483 621 540 Aegyptius
651 483 823 539 sapiens
853 483 1207 526 fortunatissimis
1238 484 1458 527 consultus
1473 484 1498 540 ¹,
1536 484 1709 541 scriptis

173 550 458 595 familiaribus
495 551 673 606 litteris,
713 550 860 605 suasit,
893 552 942 593 ut
958 551 1246 608 »semetipsum
1285 552 1528 596 voluntario
1564 552 1708 609 aliquo

174 618 332 663 damno
368 619 573 662 multaret
608 633 740 675 eoque
788 618 932 661 dolore
971 624 1146 663 invidum
1179 635 1322 664 numen
1365 626 1556 675 placaret
1565 621 1594 664 ².
1656 625 1709 664 Id

173 702 265 732 cum
302 702 383 731 non
418 690 684 741 improbasset
726 690 981 741 Polycrates,
1038 690 1069 740 s
1065 695 1152 731 orte
1196 693 1231 732 is
1264 693 1306 732 in
1345 703 1473 732 aureo
1520 688 1708 733 habebat

173 755 342 811 anulo³,
380 755 652 811 manupretio
697 756 901 810 summo⁴,
941 755 1053 799 facie
1091 756 1247 800 eximia
1283 757 1471 813 lapidem
1515 772 1706 814 smarag—

172 823 287 867 dum.
328 822 441 866 Eum
461 822 709 880 Polycrates
731 823 906 866 anulum
937 838 1047 867 nave
1077 824 1208 881 longa
1238 825 1284 868 in
1316 825 1451 868 altum
1481 827 1706 882 provectus

171 892 325 948 sponte
370 892 415 934 in
459 906 577 934 mare
621 891 800 947 abiecit,
846 892 959 935 unde
1011 907 1244 948 numquam
1285 926 1294 936 .
1330 927 1338 935 .
1374 894 1412 936 .⁵
1450 896 1725 950 emergeret.⁴

170 959 281 1003 Tum
311 959 424 1016 quod
455 960 595 1003 sciens
625 968 851 1016 sponteque
871 964 916 1003 id
928 962 1116 1016 fecisset,
1149 961 1363 1004 abiectum
1394 966 1561 1005 anulum
1589 966 1706 1005 valde

171 1027 382 1071 dolebatss.
444 1032 547 1072 Mox
582 1032 782 1081 mandem
818 1032 974 1081 piscem
1018 1029 1207 1084 piscator
1246 1028 1448 1088 [quidam]
1487 1029 1702 1086 nactus{⁷‚

171 1096 400 1153 indignum
430 1096 552 1139 duxit
581 1096 635 1138 ad
664 1095 828 1139 venalis
858 1096 1037 1152 deferre,
1071 1097 1144 1139 sed
1175 1097 1381 1154 dignitati
1418 1113 1575 1154 parens
1611 1098 1703 1154 regi

171 1164 342 1208 obtulit.
403 1164 496 1208 Rex
535 1166 710 1221 gratum
747 1166 1053 1221 acceptumque
1091 1165 1244 1208 habuit
1290 1164 1435 1224 [atque
1474 1166 1528 1208 ab
1565 1167 1705 1222 operis

173 1232 410 1292 culinariis]
461 1233 622 1289 apponi
665 1233 810 1276 iussit:
855 1247 963 1289 quae
1008 1248 1106 1276 cum
1150 1234 1340 1290 piscemss
1385 1236 1704 1297 contractantes

170 1299 349 1343 anulum
379 1300 475 1344 alvo
503 1302 722 1357 repertum
751 1301 805 1343 ad
834 1315 981 1358 regem
1010 1303 1248 1358 gaudentes
1283 1302 1542 1345 detulerunt.
1594 1302 1703 1346 Tum

169 1368 418 1424 Polycrates
452 1368 620 1412 litteras
660 1369 811 1412 ordine
849 1370 900 1412 de
938 1384 1038 1413 casu
1075 1371 1119 1412 et
1151 1370 1416 1426 postliminio
1455 1370 1572 1413 anuli
1611 1386 1702 1426 per-

169 1436 352 1480 scribtas
382 1436 437 1478 ad
467 1451 614 1493 regem
644 1435 839 1480 Amasim
874 1437 1024 1480 mittit.
1087 1438 1260 1481 Amasis
1290 1453 1498 1495 magnum
1535 1441 1578 1481 et
1615 1454 1702 1481 ma-

168 1506 313 1547 turum
359 1504 521 1547 malum
558 1504 774 1561 Polycrati
821 1506 1066 1549 coniectans
1105 1506 1339 1549 amicitiam
1383 1506 1701 1563 hospitiumque

167 1572 410 1627 renuntiat,
453 1574 502 1614 ut
538 1572 678 1616 alieno
714 1573 874 1629 potius,
920 1588 996 1616 suo
1033 1589 1163 1630 quam
1201 1574 1413 1630 hospitei9
1458 1576 1532 1617 aut
1562 1574 1700 1618 amico

166 1640 387 1689 fortunam
418 1642 725 1683 commutatam
755 1640 848 1697 ipse
862 1641 892 1699 {⁰
923 1642 1064 1684 minus
1095 1657 1223 1699 aegre
1252 1642 1397 1685 ferret.

284 1804 300 1835 1
326 1799 563 1836 Heindorfius
583 1799 749 1846 supplet:
774 1799 852 1844 Cui,
878 1811 961 1836 cum
983 1804 1043 1836 sub
1060 1814 1176 1837 manus
1191 1809 1313 1837 cuncta
1327 1815 1474 1847 prorsus
1489 1805 1701 1839 beatissimus

169 1856 396 1902 redegisset,
427 1871 496 1894 rea>
519 1860 657 1894 Amasis
682 1861 873 1903 aeqyptius
895 1861 1053 1903 sapiens,
1089 1858 1260 1895 fortunae
1283 1858 1546 1904 peritissimus,
1571 1864 1699 1895 eonsul-

166 1920 231 1955 tus,
258 1915 327 1950 cet.

280 1974 301 2007 2
325 1970 578 2006 Heindorfius:
603 1984 709 2017 eoque
730 1974 848 2007 dolore
862 1970 1016 2007 deorum
1029 1970 1293 2016 (velsortunae)
1309 1972 1491 2018 effugeret
1509 1972 1697 2008 invidiam.

280 2032 301 2063 3
325 2027 367 2063 In
391 2026 633 2063 Ed.·Medi01.
660 2027 780 2063 Maius
811 2026 949 2063 diserte
979 2027 1139 2063 testatur
1168 2027 1244 2074 legi
1275 2027 1313 2063 in
1345 2028 1497 2064 Codice:
1540 2031 1699 2064 Habebat

165 2083 299 2120 Darius
324 2088 435 2119 anulo.
484 2083 580 2119 Hinc
603 2083 855 2119 Heindorfius:
894 2086 1053 2119 Habebat
1082 2097 1187 2120 aureo
1211 2086 1381 2122 in'unulo.
1429 2085 1472 2120 In
1496 2085 1563 2120 Ed.
1590 2086 1694 2121 Rom.

165 2139 257 2176 illud
281 2143 410 2176 Darius
434 2139 596 2176 evanuit.

278 2200 300 2233 4
325 2196 570 2243 'l'ransposuit
592 2197 712 2233 Maius
735 2197 827 2232 illud
850 2211 991 2241 summo,
1032 2198 1132 2243 quod
1162 2198 1200 2234 in
1230 2198 1364 2234 lacuna
1394 2198 1529 2234 alicubi
1560 2199 1698 2244 legitur

167 2256 255 2299 post
277 2257 501 2299 emm-aydam.
1167 2260 1172 2266 '

279 2314 300 2345 5
324 2309 463 2356 Supple
480 2321 594 2346 unum
609 2310 778 2346 verbum.
798 2313 923 2347 Maius.
942 2310 1191 2361 Heindorfius:
1217 2316 1306 2348 unde
1323 2326 1495 2358 numquam
1510 2312 1697 2348 videretur

165 2376 278 2412 posse
289 2378 477 2412 emergere.

278 2425 299 2456 6
323 2421 572 2458 Heindorfius:
604 2425 683 2458 Tum
708 2426 800 2469 quod
821 2428 932 2465 sciens
954 2431 1141 2471 sponteque
1159 2424 1358 2470 abiecerat,
1382 2428 1544 2462 abiectum
1568 2428 1694 2462 tamen

165 2479 313 2514 dolebat.

280 2538 299 2571 7
323 2533 459 2580 Incipit
482 2533 570 2571 Cod.
597 2547 632 2581 p.
659 2539 737 2579 222,
764 2535 1036 2572 obscurissima.
1078 2536 1344 2583 Supplementa
1368 2538 1456 2574 Maii
1480 2539 1540 2575 hic
1564 2539 1693 2576 itidem

166 2601 342 2637 expressa
367 2592 452 2626 sunt
475 2590 610 2627 litteris
633 2590 782 2627 Italicis.
1397 2594 1399 2597 '

278 2651 300 2683 8
325 2646 386 2683 Sic
415 2647 544 2683 Maius.
593 2647 644 2682 At
683 2646 824 2683 Codex:
861 2657 1100 2695 acceptumque
1130 2652 1243 2686 habuit
1275 2678 1604 2687 ..........
1629 2667 1693 2699 ap-

163 2708 248 2749 pom'
272 2707 371 2740 iussit
394 2708 452 2750 qui
477 2732 484 2739 .
512 2730 520 2739 .
546 2707 592 2739 da
614 2708 767 2750 piscique
792 2708 908 2749 operis
931 2719 950 2740 c
976 2734 1230 2742 ........
1257 2714 1522 2744 contr-aetantes.

277 2764 298 2796 9
322 2760 380 2796 Ita
404 2759 492 2796 Cod.
518 2772 573 2806 pr.
597 2771 646 2795 m.

258 2821 300 2852 10
323 2816 506 2853 Vocabuli
536 2816 694 2863 vestigia
724 2819 919 2865 apparent.
960 2818 1144 2855 Assumsit
1172 2819 1291 2856 Maius
1315 2820 1566 2860 coniecturam
1587 2823 1691 2860 Butt-

164 2883 305 2910 manni.
