1968 3158
454 138 519 174 AD
543 138 841 175 ANTONINUM
867 132 962 175 ΙΜΡ.
989 138 1052 175 ΕΤ
1078 138 1284 175 INVICEM
1307 138 1459 189 LIBER*
1477 140 1503 175 I.
1684 141 1764 184 103

219 254 353 298 simus
392 253 555 297 habear
592 254 829 310 agrestium
866 254 1060 297 omnium
1105 254 1381 311 omniumque
1420 255 1659 298 aratoru1n¹
1667 289 1678 311 ,
1726 257 1762 298 si

218 322 324 365 mihi
370 323 534 365 cariora
579 323 668 366 sint
711 324 806 366 sata
850 323 1100 366 messibusa.
1170 323 1266 380 Ego
1310 338 1410 366 vero
1460 316 1569 380 quae
1614 324 1762 380 optavi

218 405 411 448 quaeque
442 391 538 434 vovi
571 406 743 448 compos
774 393 1021 447 optatorum
1051 394 1331 449 votorumque
1362 406 1555 435 meorum
1585 393 1759 436 damna-

217 461 287 502 tus
318 462 446 516 atque
476 460 683 503 multatus
714 474 828 503 sum:
859 461 905 502 in
937 474 1032 502 eam
1062 461 1244 503 multam
1275 461 1542 517 duplicatum
1573 476 1761 504 amorem

215 530 339 572 tuum
370 529 538 585 deser03
567 543 658 571 non
688 530 737 570 ut
767 528 1006 584 antiquitus
1027 529 1184 571 multas
1212 530 1406 586 inrogari
1427 544 1518 572 mos
1537 529 1624 572 fuit
1643 529 1761 572 mille

215 596 358 639 minus
390 597 565 640 dimidio
575 597 605 640 ‘·’.
666 596 803 639 Assae
833 596 1015 639 nutricis
1053 599 1120 640 est
1156 598 1372 641 infantem
1408 598 1549 655 magis
1580 598 1760 655 diligere

215 680 344 722 quam
382 665 597 721 adultum3
647 678 895 708 suscensere
933 665 1065 707 etiam
1097 665 1128 722 13
1158 667 1374 722 pubertati
1428 667 1562 710 stulta
1611 667 1760 710 nutrix

214 734 344 789 solet,
391 749 573 790 puerum
611 733 662 775 de
700 732 866 789 gremio
905 733 987 776 sibi
1024 734 1257 777 abductum
1294 738 1338 778 et
1378 750 1529 792 campo
1561 737 1636 778 aut
1664 736 1760 778 foro

214 802 434 845 traditum.
495 802 776 844 Litteratores
808 802 939 844 etiam
968 801 1042 844 isti
1073 802 1305 859 discipulos
1336 819 1448 859 suos,
1489 805 1629 861 quoad
1657 819 1769 860 pue-1

213 870 311 913 rilia
331 870 504 914 discunt
525 872 569 913 et
587 870 827 913 mercedem
847 870 1058 926 pendunt,
1085 872 1225 927 magis
1247 872 1449 929 diligunt.
1487 872 1583 929 Ego
1604 873 1758 929 (1110111ἰ

213 939 267 982 ad
298 954 445 982 curam
477 939 723 995 cultumque
753 938 949 995 ingenii⁵
968 940 1031 981 tui
1059 940 1232 995 accessi,
1265 940 1382 983 hunc
1411 942 1455 983 te
1477 942 1646 998 speravi
1665 943 1758 985 fore

213 1008 284 1064 qui
325 1023 444 1050 nunc
475 1023 539 1064 es,
588 1008 636 1050 in
676 1007 783 1050 haee
819 1009 895 1050 tua
933 1009 1128 1064 tempora
1167 1023 1355 1051 amorem
1394 1023 1535 1051 meum
1573 1010 1755 1053 intendi.

211 1075 403 1119 Lucebat
432 1077 479 1119 in
508 1076 694 1132 pueritia
724 1078 800 1118 tua
830 1076 965 1119 virtus
993 1077 1140 1133 insita,
1173 1077 1347 1120 lucebat
1377 1077 1509 1119 etiam
1538 1079 1678 1135 magis
1708 1080 1756 1122 in

212 1144 527 1188 adulescentia:
559 1145 633 1188 sed
662 1145 725 1187 ita
755 1146 804 1187 ut
825 1159 921 1188 cum
950 1160 1126 1188 serenus
1149 1146 1265 1194 dies6
1295 1145 1573 1189 inluculascit
1592 1146 1755 1190 lumine

210 1212 414 1255 incohato
426 1213 458 1258 Ρ.
526 1213 656 1256 Nunc
692 1213 780 1255 iam
817 1214 954 1256 virtus
991 1214 1166 1270 integra
1203 1214 1305 1257 orbe
1343 1214 1567 1270 splendido
1607 1218 1756 1258 exorta

211 1283 276 1324 est
307 1284 350 1324 et
379 1282 510 1324 radiis
541 1282 821 1325 disseminata
851 1283 936 1325 est:
968 1284 1017 1324 tu
1046 1297 1115 1325 me
1147 1283 1201 1325 ad
1230 1283 1461 1339 pristinam
1490 1283 1611 1326 illam
1636 1298 1754 1326 men-

210 1365 355 1392 suram
386 1350 635 1393 luciscentis
667 1351 823 1393 amoris
854 1351 919 1393 tui
949 1365 1124 1393 revocas
1163 1353 1207 1394 et
1242 1351 1364 1394 iubes
1391 1353 1617 1396 ‚matutina
1647 1352 1754 1394 dilu-

211 1419 307 1461 cula
335 1418 479 1461 lucere
509 1419 726 1462 meridie&
787 1419 924 1475 Audi,
965 1434 1143 1476 quaeso,
1195 1423 1359 1477 quanto
1398 1421 1603 1477 ampliore
1633 1436 1752 1464 nunc

206 1487 268 1545 sis
307 1487 487 1543 virtute,
535 1503 663 1543 quam
703 1490 831 1530 antea
867 1488 1021 1530 fueris:
1074 1503 1158 1544 quo
1195 1489 1367 1531 facilius
1407 1489 1554 1532 credas
1591 1491 1753 1545 quanto

211 1555 394 1611 amplius
426 1555 581 1598 amoris
612 1556 830 1611 merearis,
865 1558 909 1598 et
937 1571 1113 1611 poscere
1144 1557 1314 1600 desinas
1345 1558 1616 1600 tantundem.

323 1623 386 1667 Ut
415 1639 440 1666 a
476 1624 640 1680 pietate
681 1625 939 1667 contendere
979 1626 1023 1667 te
1058 1625 1231 1668 tibimet
1274 1626 1502 1682 incipiam,
1548 1626 1752 1682 obsequia

209 1687 313 1750 erga
342 1694 512 1749 patrem
541 1694 618 1735 tua
647 1693 858 1748 pristina⁷
891 1694 1243 1749 commemorabo,
1277 1709 1411 1750 eaque
1434 1709 1531 1737 cum
1550 1709 1750 1751 praesen-

208 1761 324 1804 tibus
356 1760 510 1803 officiis
543 1761 812 1816 comparabo.
879 1760 982 1811 Quis
1013 1762 1190 1818 ignorat
1219 1762 1292 1804 ubi
1323 1764 1447 1818 pater
1476 1765 1576 1805 tuus
1607 1763 1750 1806 minus

207 1829 390 1884 valeret,
429 1831 473 1871 te
502 1829 624 1871 iuxta
656 1843 752 1871 cum
783 1844 832 1871 eo
865 1844 1009 1872 carere
1039 1830 1216 1886 balneo,
1262 1830 1363 1873 vino
1403 1846 1514 1887 aqua
1545 1831 1677 1874 etiam
1707 1834 1750 1874 et

209 1898 303 1940 cibo
332 1899 468 1940 temet
498 1897 706 1940 deducere
738 1897 944 1940 solitum?
982 1897 1104 1940 nulla
1134 1913 1337 1954 umquam
1367 1901 1411 1942 te
1441 1914 1579 1956 neque
1610 1900 1749 1943 somni

828 1998 853 2023 ο

321 2057 344 2082 a
367 2049 414 2081 In
436 2050 604 2091 margine:
634 2045 850 2092 Agrestium
893 2047 1159 2091 aratorumque
1205 2046 1465 2084 stolidissimus
1508 2048 1668 2093 habear,
1718 2048 1749 2084 si

206 2102 298 2138 mihi
323 2103 468 2139 cariora
490 2101 564 2138 sint
590 2132 596 2138 .
626 2131 632 2138 .
657 2114 756 2139 mess
783 2132 790 2139 .
818 2132 825 2139 .

319 2159 343 2194 b
369 2162 415 2195 In
438 2163 606 2206 margine:
631 2160 799 2196 Lucebat
823 2179 869 2187 -—-
891 2159 1031 2195 lumine
1054 2160 1231 2196 inchoato
1258 2162 1345 2206 (sie).

321 2228 340 2252 c
368 2219 414 2252 In
436 2220 604 2263 margine:
637 2217 694 2252 Tu
718 2229 777 2253 me
803 2218 852 2253 ad
869 2217 1006 2253 amoris
1030 2217 1250 2253 lucescentis
1272 2218 1530 2264 crepusculum
1552 2229 1747 2265 provocas,

206 2284 277 2319 ego
302 2274 340 2309 te
367 2273 416 2309 ad
440 2273 646 2318 meridiem,
671 2274 738 2310 ubi
760 2274 823 2309 ille
847 2274 995 2320 integro
1022 2275 1113 2310 orbe
1138 2267 1251 2311 calor'
1264 2275 1360 2311 altus
1387 2276 1453 2311 est.

322 2426 339 2456 1
367 2421 508 2457 Codex:
534 2429 726 2457 oratorum:
751 2433 842 2458 vera
865 2422 976 2458 lectio
1001 2422 1041 2458 in
1065 2423 1246 2469 margine.
1289 2416 1494 2470 Perperam
1517 2423 1637 2460 Maius
1663 2435 1746 2460 con-

139 2487 147 2491 ·
206 2478 364 2514 trarium
387 2477 539 2514 indicat.

319 2539 339 2570 2
364 2534 502 2570 Fateor
532 2546 593 2570 me
623 2535 718 2571 haec
746 2546 822 2571 non
850 2535 1073 2582 intelligere.
1129 2537 1363 2573 Ecksteinius
1395 2537 1604 2584 suspicatur
1633 2538 1745 2575 inter-

205 2591 458 2638 pretationem
481 2591 645 2638 pendere
672 2603 717 2627 ex
740 2591 796 2637 iis,
822 2603 918 2637 quae
942 2593 1073 2629 Festus
1096 2593 1215 2629 tradit
1237 2594 1277 2629 in
1299 2606 1333 2630 v.
1361 2599 1503 2630 multam.

319 2654 340 2686 3
365 2648 500 2695 Incipit
524 2647 614 2684 Cod.
639 2648 725 2684 Vat.
751 2661 788 2695 p.
806 2652 860 2685 95.
911 2648 999 2686 Cod.
1026 2663 1083 2696 pr.
1109 2662 1157 2685 m.
1183 2653 1385 2696 pubertatis,

318 2710 340 2741 4
366 2705 507 2742 Codex:
534 2709 636 2751 quod.
686 2704 857 2742 Correxit
880 2705 1010 2742 Maius.

319 2767 339 2799 5
365 2762 453 2798 Cod.
479 2773 534 2808 pr.
561 2774 609 2797 m.
635 2766 783 2808 inqeniei
805 2767 885 2799 tuei.

318 2823 339 2854 6
362 2818 457 2854 Add.
484 2830 554 2854 sec.
582 2831 630 2855 m.
763 2821 766 2824 ⁴

319 2875 409 2912 7-cf.
437 2874 634 2922 Capitolin.
663 2888 692 2912 c.
713 2880 733 2913 5
759 2877 797 2913 et
820 2880 840 2912 6
864 2877 904 2914 et
927 2877 1086 2914 Dionem
1109 2878 1235 2923 LXXI,
1252 2882 1307 2915 35.
