1968 3158
747 152 814 189 AD
839 152 1018 189 Afflcos
1042 152 1187 190 Lmen
1210 153 1255 189 11.
1283 123 1287 127 ⁴
1691 153 1774 197 201

238 268 507 325 eloquentiae
538 268 711 311 nomine
750 270 864 311 recte
893 270 1125 325 patronum
1155 268 1275 310 vobis
1311 267 1513 323 feceritis,
1554 270 1598 310 et
1635 268 1776 324 ipsum

236 338 411 380 nostrae
451 336 698 393 provinciae
738 339 782 379 et
812 336 1000 380 civitatis
1036 350 1125 379 non
1166 335 1444 392 longinquae.
1506 335 1671 379 Horum
1701 350 1775 392 pa·

236 406 460 448 tronorum
489 419 578 447 non
607 405 886 448 mediocrium

896 471 976 515 UE
1010 506 1018 514 .
1055 505 1063 514 .
1096 471 1426 516 IUODERINT

714 540 735 584 I
768 573 776 583 .
809 540 907 587 Em
942 573 1173 583 ......
1207 539 1348 585 SOOC

715 607 797 652 NE
831 641 840 651 .
876 641 885 651 .
918 607 1060 652 S’CIA
1093 642 1281 652 .....

718 710 1038 719 ........
1071 675 1279 720 NUIGIN
1311 711 1319 719 .
1356 710 1364 718 .
1400 711 1407 719 .

717 778 1084 788 .........
1117 744 1341 788 ΑΒΕ88Ε

238 813 440 856 adversus
479 827 569 856 rem
611 847 619 856 .
657 814 690 856 ‚¹
724 813 868 857 nolint
900 847 907 855 .
945 847 952 855 .
989 813 1027 856 ,²
1065 813 1204 856 dicam
1241 813 1378 869 quoad
1418 816 1536 857 aetas
1579 813 1687 856 mihi
1731 816 1775 857 et

238 881 436 924 valetudo
467 881 639 939 integra
668 882 753 925 fuit
781 881 1048 924 NEGOTIA
1082 914 1357 923 .......

782 949 943 1000 QUAE
977 981 1344 992 .........

785 1017 938 1062 SUNT
971 1051 979 1059 .
1016 1051 1024 1059 .
1062 1051 1069 1059 .
1106 1051 1113 1059 .
1147 1016 1278 1060 ALIS

784 1085 1092 1130 STAETATE
1125 1118 1772 1129 ...................

237 1155 487 1211 εοῖοηίαηι,3
522 1156 717 1198 nostram
758 1154 1024 1214 [forensium]
1072 1156 1117 1197 et
1152 1154 1370 1196 iuniorum
1413 1154 1638 1210 praesidiis
1683 1170 1775 1198 esse

237 1223 479 1266 fundatam.
548 1223 641 1266 Nec
683 1257 692 1266 .
727 1223 770 1266 ,⁴
807 1237 911 1266 nere
957 1224 1145 1279 quantus
1184 1256 1194 1265 .
1230 1256 1239 1265 .
1278 1223 1429 1265 nostra
1470 1255 1478 1264 .
1515 1256 1524 1264 .
1560 1223 1597 1265 ,⁵
1636 1223 1776 1265 virum

236 1291 488 1348 popularem
516 1291 765 1348 habeamus,
805 1293 848 1335 et
877 1291 1015 1334 virum
1054 1290 1321 1334 consularem
1358 1291 1425 1334 ius
1462 1291 1683 1347 publicum
1712 1306 1776 1334 re-

238 1360 536 1416 spondentem.
576 1359 674 1418 Ego
703 1375 885 1417 quoque,
916 1362 966 1402 ut
995 1374 1134 1416 spero,
1167 1359 1307 1415 quoad
1337 1359 1492 1402 aetatis
1523 1360 1587 1402 vis
1618 1360 1773 1416 viguit,

236 1428 284 1471 in
313 1428 468 1471 officiis
508 1429 720 1472 civilibus
742 1443 832 1471 non
869 1429 1048 1471 obscure
1085 1429 1279 1471 versatus
1313 1442 1421 1469 sum.
1482 1427 1572 1471 Alii
1609 1442 1775 1484 quoque

237 1495 412 1552 plurimi
449 1499 551 1539 sunt
587 1497 635 1539 in
674 1498 828 1539 senatu
865 1495 1083 1540 Cirtenses
1115 1495 1342 1539 clarissimi
1371 1495 1467 1537 viri.
1528 1495 1775 1538 Postremus

239 1566 305 1607 est
332 1563 471 1607 honor
499 1564 726 1620 maximus,
765 1566 854 1607 tres
892 1564 1025 1607 vestri
1056 1564 1169 1607 cives
1178 1563 1208 1620 ⁶,
1245 1597 1253 1606 .
1290 1597 1298 1606 .
1335 1597 1343 1606 .
1377 1564 1451 1606 sed
1484 1563 1616 1606 etiam
1645 1578 1775 1606 suave

239 1632 338 1690 est⁷p
363 1666 372 1674 .
408 1667 415 1674 .
452 1666 460 1674 .
494 1634 590 1676 uter
619 1633 728 1689 quo8
762 1667 769 1675 .
806 1667 814 1674 .
851 1667 858 1675 .
896 1667 903 1675 .
938 1633 1012 1676 sed
1049 1646 1125 1675 vos
1160 1632 1313 1675 melius
1352 1634 1418 1675 est
1446 1632 1534 1675 iam
1563 1647 1680 1675 nunc
1710 1632 1773 1674 in-

237 1700 407 1743 terdum
417 1700 433 1728 ⁹
467 1734 654 1743 .....
687 1715 742 1757 qu
747 1702 898 1744 autum
908 1700 943 1728 ¹⁰
977 1733 1657 1742 ................

238 1836 363 1873 mond.
388 1836 478 1873 ibid.
503 1836 543 1872 in
566 1838 660 1882 not.)
697 1836 770 1873 dici
799 1837 1026 1873 sectatorem
1055 1835 1169 1873 Festi.
1218 1835 1342 1872 Secta·
1359 1836 1486 1872 autem
1514 1835 1619 1872 Festi
1641 1835 1774 1872 eadem

239 1894 317 1930 fere
342 1889 439 1938 quae
462 1893 673 1930 Frontonis.
723 1896 849 1929 Maius.

355 1954 373 1986 l
398 1949 539 1996 Supple
562 1950 729 1986 verbum.
772 1953 899 1986 Maius.

353 2011 374 2042 2
400 2006 539 2053 Supple
564 2007 657 2043 duos
680 2018 810 2043 versus
836 2019 865 2043 c.
893 2007 1040 2043 duabus
1064 2006 1136 2042 litt.

354 2069 375 2100 3
398 2063 534 2110 Incipit
557 2063 647 2100 God.
671 2076 708 2110 p.
732 2067 816 2108 305,
841 2063 1104 2100 obscurissima
1135 2074 1248 2108 quam
1271 2073 1347 2098 non
1371 2063 1529 2099 contulit
1553 2062 1703 2099 amicus.
1732 2084 1773 2088 —

240 2119 343 2157 Cirta
368 2120 513 2157 colonia
537 2120 608 2156 fuit
631 2121 852 2166 cognomine
877 2119 1131 2156 Sittianorum.
1182 2122 1309 2157 Maius.

352 2181 374 2212 4
399 2176 539 2223 8119910
563 2177 656 2213 duas
681 2177 827 2213 circiter
850 2177 1008 2221 litteras,
1034 2177 1193 2212 fortasse
1215 2189 1352 2222 genere.
1403 2178 1530 2211 Maius.

357 2238 379 2270 5
402 2234 554 2270 Lacuna
575 2245 751 2270 versuum
775 2235 891 2270 ferme
915 2234 1012 2269 VIII.
1056 2237 1183 2269 Maius.

358 2294 378 2326 6
401 2291 554 2327 Lacuna
576 2301 751 2326 versuum
774 2291 873 2329 XIII.
920 2293 1047 2328 Maius.

355 2351 376 2383 7
401 2346 541 2392 Supple
566 2347 638 2383 duo
663 2347 790 2383 verba.
840 2350 966 2383 Maius.

356 2407 377 2438 8
402 2401 541 2448 8119910
565 2403 721 2438 verbum
744 2415 869 2439 unum.
914 2406 1042 2442 Maius.

355 2462 376 2495 9
401 2458 541 2504 8119910
564 2459 721 2495 verbum
744 2471 868 2495 unum.
912 2462 1040 2496 Maius.

334 2519 376 2551 10
399 2514 494 2550 Exin
511 2514 560 2551 ad
576 2514 656 2551 folii
680 2526 798 2560 usque
822 2515 935 2551 finem
960 2515 1151 2552 obscurati
1168 2516 1253 2551 sunt
1271 2526 1398 2551 versus
1417 2515 1624 2559 quattuor..
1644 2517 1772 2551 Maius.
