1968 3158
254 186 334 229 182
531 183 578 219 M.
601 182 828 218 coaNELn
851 180 1128 217 FRoNToms
1153 180 1494 216 EPISTULARUM

251 301 299 342 tu
328 298 492 341 nullam
521 312 724 352 umquam
760 296 999 338 mercedem
1036 284 1164 350 ullius
1202 295 1264 337 rei
1302 295 1494 351 agendae
1524 296 1779 339 dicendaeve

254 384 278 410 a
309 380 523 422 quoquam
552 364 822 421 postularis¹,
855 364 1016 406 Fronto
1046 364 1128 406 iste
1157 362 1324 405 nullum
1353 363 1531 405 verbum
1559 364 1677 419 prius
1707 379 1779 407 ne-

253 450 333 491 que
370 433 638 489 frequentius
678 432 899 489 congarrit
935 446 1063 487 quam
1100 431 1181 473 hoc
1219 434 1313 473 DA:
1365 445 1444 487 ego
1483 433 1634 474 contra
1669 432 1781 487 quod

252 517 424 559 possum
457 503 531 543 aut
570 501 787 543 chartulas
819 500 857 542 ei
889 502 963 542 aut
991 499 1173 542 tabellas
1203 499 1398 555 porrigo,
1430 514 1610 555 quarum
1639 514 1783 541 rerum

253 566 481 627 petitorem
512 584 608 611 eum
639 583 729 612 esse
762 569 899 624 cupio.
959 568 1180 610 Nonnulla
1219 569 1366 610 tamen
1398 570 1440 610 et
1471 568 1574 610 aviti
1604 568 1782 624 ingeni²

254 640 380 695 signa
425 637 626 680 ostendit.
687 636 880 679 Uvarum
925 636 1194 679 avidissimus
1239 638 1324 691 est3
1370 636 1557 691 primum
1600 636 1782 692 denique

252 707 369 749 hunc
401 707 543 749 cibum
573 705 836 761 degluttivit,
869 719 951 747 nec
983 704 1164 746 cessavit
1193 718 1269 760 per
1288 706 1402 746 totos
1432 718 1569 759 paene
1591 704 1679 746 dies
1710 706 1785 746 aut

253 775 405 830 lingua
433 774 621 816 lambere
653 773 783 815 ubam
814 774 888 814 aut
917 772 1050 814 labris
1081 772 1237 814 saviari
1269 772 1343 814 ac3
1365 772 1555 828 gingivis
1575 772 1783 815 lacessere

256 857 306 885 ac
325 842 535 884 ludificari
547 842 576 883 ⁴.
601 841 878 883 Avicularum
896 841 1027 883 etiam
1045 840 1343 895 cupidissimus
1359 839 1487 895 pullis
1508 840 1781 896 gallinarum,

257 911 570 964 columbarum,
612 923 834 964 passerum
871 909 1131 959 oblectatur:
1183 923 1266 963 quo
1304 908 1444 950 studio
1482 923 1549 950 me
1586 924 1610 950 a
1647 908 1786 964 prima

255 978 445 1021 infantia
487 977 747 1020 devinctum'
784 976 916 1019 fuisse
955 990 1081 1031 saepe
1123 976 1265 1017 audivi
1309 990 1361 1017 ex
1404 976 1510 1030 his5‚
1558 976 1630 1031 qui
1680 976 1785 1018 mihi

257 1047 478 1089 eductores
519 1047 592 1088 aut
629 1045 828 1101 magistri
866 1045 1056 1086 fuerunt.
1118 1043 1256 1086 Senex
1296 1044 1426 1086 etiam
1458 1045 1618 1099 quanto
1648 1044 1785 1099 perdi-

258 1130 353 1157 cum
398 1115 537 1156 studio
567 1114 731 1155 'tenear
742 1114 771 1168 ‘⁵7
818 1127 944 1155 nemo
983 1114 1048 1154 est
1085 1112 1158 1167 qui
1193 1127 1261 1154 me
1298 1111 1450 1154 leviter
1485 1112 1653 1154 noverit
1682 1112 1786 1167 quin

258 1172 405 1224 sciat7.
465 1181 644 1224 Nullum
675 1183 740 1223 est
770 1180 885 1223 enim
913 1181 1078 1222 factum
1108 1195 1249 1221 meum
1276 1180 1503 1235 dictumve,
1536 1180 1647 1235 quod
1677 1179 1787 1222 clam

261 1251 412 1292 ceteris
443 1265 534 1292 esse
564 1249 712 1291 velim:
763 1249 867 1304 quin
905 1248 973 1290 cui
1002 1248 1063 1289 rei
1100 1247 1296 1290 mihimet
1332 1248 1421 1302 ipse
1459 1248 1653 1290 conscius
1690 1247 1785 1302 sim,

260 1320 422 1360 ceteros
452 1332 618 1373 quoque
658 1331 805 1359 omnes
841 1317 963 1359 iuxta
992 1331 1159 1358 mecum
1190 1315 1298 1358 scire
1328 1315 1483 1357 velima
1515 1349 1784 1357 .......

402 1420 549 1464 XIII.
612 1419 837 1476 {8Fronto
867 1418 1118 1462 Victorino
1155 1416 1381 1473 [Genero]
1413 1416 1645 1462 Salutem.

374 1499 573 1542 Graviter
616 1498 760 1541 oculos
804 1497 918 1540 dolui
951 1531 959 1539 .
994 1530 1003 1539 .
1026 1497 1203 1539 ”nullus
1235 1496 1380 1538 dolorb
1418 1531 1785 1539 ........

263 1568 294 1594 1⁰
306 1569 380 1609 aut
411 1601 419 1609 .
454 1601 463 1609 .
495 1566 690 1609 interis¹¹
717 1599 726 1608 .
761 1599 770 1608 .
803 1568 878 1608 aut
907 1565 1117 1607 internati
1147 1565 1407 1607 oriebantur.
1454 1565 1789 1607 Internatium¹²

263 1635 418 1678 Graeci
457 1635 578 1677 ieron
616 1637 762 1690 oston,
810 1633 1083 1676 Suetonius¹3
1114 1632 1389 1688 Tranquillus
1420 1633 1588 1688 spinam
1626 1648 1790 1676 sacram

375 1749 397 1773 a
421 1741 466 1772 In
490 1741 657 1782 maryine:
704 1736 854 1772 Nullum
885 1739 942 1771 est
960 1734 1070 1775 ¹enim
1101 1735 1240 1770 factum
1270 1735 1335 1770 aut
1365 1734 1503 1770 dictum
1535 1746 1659 1770 meum
1691 1736 1789 1780 quod

261 1794 357 1830 clam
381 1815 424 1819 ——
449 1793 542 1829 scire
567 1793 689 1830 velim.
1752 1823 1754 1825 ,

374 1852 398 1886 b
427 1854 469 1885 In
494 1854 660 1894 margine:
700 1849 831 1885 Nullus
856 1849 962 1884 dolor
986 1849 1106 1884 acrior
1132 1850 1338 1893 (vocabulum
1361 1849 1537 1893 incertum)
1565 1877 1713 1884 .....
1739 1849 1790 1884 la—

262 1907 351 1942 teris
376 1909 441 1943 aut
464 1907 630 1942 internat
654 1934 838 1941 ......
873 1905 1067 1941 Seetonius
1091 1905 1277 1950 degerem.

376 1991 393 2021 1
419 1986 474 2022 De
499 1985 681 2021 Victorini
705 1984 932 2020 abstinentia
954 1985 1038 2030 lege
1062 1984 1220 2021 Dionem
1243 1985 1385 2020 LXXII.
1415 1988 1466 2020 11.
1515 1987 1640 2020 Maius.

375 2047 395 2077 2
423 2042 509 2078 Cod.
536 2053 606 2077 sec.
632 2054 680 2076 m.
705 2045 842 2086 ingenii.

378 2104 399 2135 3
422 2099 481 2134 Ita
505 2098 639 2142 Codex,
663 2110 738 2134 non
762 2106 830 2133 aut.

377 2160 398 2191 4
422 2156 480 2190 Ita
505 2155 644 2198 Codex3
670 2158 836 2190 ludier-ari
858 2154 987 2190 Maius.

378 2216 398 2248 5
421 2211 565 2247 Malim:
591 2215 644 2249 iis.

379 2274 399 2304 6
425 2268 476 2304 Cf.
504 2269 553 2304 ad
575 2269 623 2303 M.
653 2268 756 2304 Caes.
782 2268 826 2303 V.
853 2271 907 2303 37.

379 2330 397 2361 7
422 2326 480 2360 Ita
504 2324 643 2368 Codex3
669 2329 726 2371 qui
749 2330 878 2360 nesciat
901 2323 1028 2359 Maius.

378 2387 399 2419 8
424 2381 598 2426 Sequitur
622 2380 710 2417 Cod.
735 2393 771 2426 p.
797 2385 878 2424 323,
911 2392 1006 2426 quae
1033 2380 1143 2416 hodie
1168 2390 1319 2425 prorsus
1342 2379 1484 2415 interiit
1506 2381 1658 2426 praeter
1683 2392 1792 2426 quae-

267 2440 353 2475 dam
387 2439 426 2474 in
459 2437 638 2484 margine.
689 2437 861 2483 Suspicor
889 2437 1028 2472 Maium
1065 2436 1254 2482 Epistol-ae
1290 2436 1568 2481 inscriptionem
1603 2437 1641 2472 et
1671 2437 1794 2482 prima

269 2496 381 2532 verba
404 2506 478 2531 non
502 2495 637 2540 legisse
661 2495 700 2529 in
724 2494 871 2537 Codice,
897 2493 961 2529 sed
986 2505 1030 2529 ex
1053 2493 1177 2528 Indice
1194 2493 1429 2539 supplevisse.

379 2559 399 2589 9
423 2553 567 2587 Desunt
591 2551 743 2596 aliquot,
768 2551 813 2592 ut
832 2551 935 2596 puto,
959 2562 1094 2586 versus.
1145 2553 1271 2585 Maius.

360 2614 400 2645 10
425 2608 563 2654 Supple
588 2620 698 2643 unum
724 2608 890 2643 verbum.
943 2610 1073 2642 Maius.
1121 2607 1296 2642 Fortasse
1321 2610 1456 2650 acrior,
1482 2606 1524 2641 ut
1546 2605 1586 2641 in
1609 2606 1789 2651 margine.

361 2671 399 2701 11
424 2665 568 2702 Desunt
592 2665 735 2710 aliquot
759 2665 915 2701 fortasse
939 2665 1098 2700 litterae.
1149 2666 1274 2698 Maius.
1322 2662 1478 2698 Malim:
1504 2667 1631 2698 lateris.

362 2728 401 2758 1⁶2.
425 2721 544 2758 Maius
571 2721 700 2758 scribit
721 2727 811 2756 inter
833 2725 988 2757 nativum.
1022 2724 1248 2769 Inter-natium
1272 2721 1328 2756 est
1351 2719 1486 2755 eximia
1501 2718 1655 2764 Hauptii
1672 2731 1792 2755 emen-

270 2779 371 2815 datio
396 2780 433 2813 in
449 2779 618 2815 HermeI
642 2791 678 2824 p.
699 2783 752 2814 23.
803 2777 975 2814 Ceterum
999 2777 1090 2812 mihi
1113 2776 1311 2812 verisimile
1335 2776 1483 2812 videtur
1505 2775 1645 2811 Maium
1669 2776 1793 2811 omnia

269 2836 362 2871 haec
385 2848 460 2871 non
484 2836 523 2870 in
546 2837 652 2871 textu
675 2834 870 2879 invenisse,
895 2834 961 2870 sed
983 2835 1022 2869 in
1045 2833 1226 2879 margine.

365 2897 404 2928 13
431 2891 571 2927 Codex:
598 2895 787 2928 Seetonz'us.
820 2894 946 2927 Maius.
979 2890 1125 2926 Primus
1142 2901 1232 2936 ergo
1250 2891 1288 2926 et
1305 2889 1462 2926 fortasse
1488 2900 1580 2926 unus
1597 2886 1792 2926 Suetonius
