1968 3158
678 179 945 219 EPISTULAE
970 177 1206 217 GRAEOAE.
1675 175 1758 218 247

138 305 164 359 j
221 302 477 359 εὑρήςομεν’
513 300 593 354 οὐχ
624 299 762 352 ὅμοια.
815 296 981 340 Μάθοις
1012 297 1058 339 δ’
1088 296 1142 340 ἂν
1173 293 1400 348 προςέχων
1429 296 1522 337 ταῖς
1550 308 1597 339 τε
1626 292 1759 338 δίκαις

221 373 287 416 καὶ
316 374 406 415 τοῖς
437 370 596 421 ἀγῶςιν
626 369 719 411 τοῖς
747 365 960 420 δημοςίοις
1001 365 1069 408 καὶ
1104 367 1194 408 τοῖς
1233 366 1479 421 ἰδιωτικοῑε·
1517 367 1622 415 ἔνθα
1659 366 1760 413 οὔτε

221 439 247 484 6
275 438 438 484 *rorroc'²
475 442 564 482 τῶν
595 435 893 489 δικαςτηρίων,
933 433 1034 477 οὔτε
1075 437 1165 478 τῶν
1203 436 1466 482 δικαζόντων
1504 438 1530 482 6
1566 437 1754 491 ἀριθμός,

221 509 322 553 οὔτε
350 506 516 560 τάῑθξις
554 509 644 550 τῶν
681 504 858 559 φάςεων
899 503 966 545 καὶ
1003 502 1215 555 κλήςεων,
1253 503 1355 548 οὔτε
1396 509 1476 550 τοῦ
1513 506 1672 550 ὕδατος
1707 504 1758 548 τὸ

220 577 391 631 μέτρον,
423 575 526 619 οὐδέ
555 588 604 626 γε
634 572 712 617 τὰ*
743 571 1061 625 προςτιμήματα
1081 575 1169 615 τῶν
1190 575 1553 627 κατεγνωςμένων
1584 573 1758 625 ταύτάῦ,

220 644 357 689 ἀλλὰ6
387 645 587 687 πλεῑςτον
618 641 722 685 ὅςον
752 640 972 692 διήνεγκεν
1011 639 1064 682 τὰ
1093 639 1270 693 δημόςια
1300 646 1389 687 τῶν
1421 643 1554 686 ἰδίων.
1590 643 1664 685 Καὶ
1692 641 1759 685 ὅτι

219 716 294 766 τῆς
324 714 400 766 μὲν
431 712 604 755 πόλεως
633 707 977 755 ἀναπεπτάςθαι7
1008 709 1208 761 προςήκει
1239 710 1314 752 τὰς
1345 712 1483 754 πύλας
1513 711 1681 755 εἰςιέναι
1710 723 1757 753 τε

218 786 281 840 τῷ
316 780 570 836 βουλομένῳ
607 780 674 822 καὶ
712 778 865 822 ἐξιέναι
903 776 1038 820 ὁπότε
1076 776 1328 830 βούλοιτο-8
1360 778 1520 835 ἑκάςτῳ
1550 780 1598 822 δὲ
1634 779 1756 831 ἡμῶν

219 854 310 894 τῶν
340 850 524 892 ἰδιωτῶν
562 847 597 891 εἰ
626 847 680 900 μὴ
712 845 921 900 φυλάττοι
954 845 1030 888 τὰς
1062 845 1193 899 θύρας
1224 846 1290 889 καὶ
1320 846 1436 890 πάνυ
1465 845 1699 900 γρηγοροίη
1730 846 1755 889 6
1792 877 1799 883 -

219 917 432 972 θυρωρός,
465 916 623 970 εἴργων
645 916 721 968 μὲν
741 916 816 966 τῆς
847 913 1014 957 εἰςόδου
1043 914 1146 956 τοὺς
1175 916 1306 967 μηδὲν
1327 916 1637 968 προςήκοντας,
1665 917 1756 957 τοῖς

219 987 267 1030 δὲ
298 986 478 1030 οἰκέταις
500 986 580 1029 οὐκ
599 983 846 1036 ἐπιτρέπων
877 982 1018 1025 ἀδεῶς
1039 981 1172 1025 ὁπότε
1196 983 1426 1035 βούλοιντο
1456 984 1539 1028 ἔξω
1562 982 1759 1038 βαδίζειν,

219 1054 299 1099 οὐκ
329 1055 383 1098 ἂν
404 1054 549 1108 ὀρθῶς
579 1050 849 1104 οἰκουροῑτο9
875 1050 928 1093 τὰ
957 1050 1063 1093 κατὰ
1091 1052 1171 1103 τὴν
1202 1050 1348 1095 οἰκίαν.
1411 1052 1486 1094 Καὶ
1516 1051 1634 1094 ςτοαὶ
1664 1050 1757 1094 δὲ10

219 1124 287 1167 καὶ
315 1122 420 1176 ἄλςη
451 1122 519 1166 καὶ
550 1121 687 1176 βωμοὶ
717 1119 784 1163 καὶ
816 1118 1071 1172 γυμνάςιαιι
1101 1119 1168 1161 καὶ
1200 1119 1361 1172 λουτρὰ
1389 1119 1443 1162 τὰ
1474 1121 1550 1172 μὲν
1581 1118 1758 1172 δημόςια

219 1194 345 1236 πᾶςιν
383 1191 450 1234 καὶ
486 1192 644 1243 προῖκα
682 1188 866 1242 ἀνεῖται,
911 1187 965 1230 τὰ
1010 1187 1058 1230 δὲ
1102 1190 1191 1230 τῶν
1239 1187 1422 1231 ἰδιωτῶν
1474 1187 1560 1230 ὑπὸ
1611 1189 1759 1241 ςιδηρᾷ

197 1261 351 1304 ’κλειδὶ
380 1259 449 1302 καί
477 1273 559 1303 τινι
591 1255 924 1310 θυροφύλακιῖἳ·
957 1255 1024 1297 καὶ
1053 1256 1201 1307 μιςθὸν
1232 1255 1478 1306 ἑκλέγουςιν
1515 1256 1633 1308 παρὰ
1668 1259 1758 1298 τῶν

220 1329 486 1382 λουομένων.
541 1326 654 1370 Οὐδὲ
690 1326 744 1368 τὰ
773 1326 928 1368 δεῖπνα
958 1324 1006 1367 δὲ
1037 1322 1165 1375 ὅμοια
1194 1323 1247 1366 τὰ
1290 1322 1479 1367 ἰδιωτικὰ
1518 1325 1585 1366 καὶ
1620 1323 1673 1366 τὰ
1710 1323 1757 1366 ἐν

219 1396 486 1452 πρυτανείῳ·
519 1395 622 1438 οὐδὲ
653 1393 678 1437 ὁ
706 1393 842 1436 ἵππος
873 1391 898 1434 ὅ
927 1405 975 1435 τε
1005 1391 1215 1435 ἰδιωτικὸς
1246 1392 1314 1434 καὶ
1344 1391 1369 1435 6
1401 1393 1620 1445 δημόςιος·
1654 1390 1757 1434 οὐδὲ

219 1467 245 1519 ἡ
276 1464 486 1518 πορφύρα
514 1468 603 1507 τῶν
635 1462 862 1515 ἀρχόντων
893 1461 961 1503 καὶ
990 1464 1079 1504 τῶν
1110 1463 1332 1512 δημοτῶν·
1363 1460 1466 1503 οὐδὲ
1496 1459 1521 1502 ὁ
1544 1460 1757 1513 ςτέφανος

219 1537 310 1577 τῶν
350 1533 496 1586 ῥόδων
526 1535 615 1575 τῶν
647 1530 820 1573 οἴκοθεν
850 1529 918 1571 καὶ
955 1529 981 1571 6
1018 1531 1091 1581 τῆς
1130 1528 1273 1571 ἐλαίας
1310 1531 1386 1580 τῆς
1424 1527 1756 1581 Ὀλυμπίαςινω.

335 1601 464 1644 Ἀλλὰ
500 1602 633 1643 ταῦτα
668 1599 747 1652 μὲν
786 1598 925 1641 ἐάςειν
963 1610 1034 1649 μοι
1079 1599 1197 1653 δοκῶ
1237 1597 1303 1639 καὶ
1340 1597 1569 1650 χαριεῑςθαί
1605 1610 1671 1639 ςοι
1706 1597 1756 1639 τὸ

220 1672 311 1723 δεῖν
343 1669 514 1712 ἕπεςθαι
546 1670 636 1711 τοῖς
667 1666 881 1720 δημοςίοις
910 1666 964 1708 τὰ
995 1665 1192 1708 ἰδιωτικὰ.
1227 1665 1533 1718 Κεχαριςμένος
1555 1666 1602 1708 δὲ
1622 1667 1754 1707 τοῦτο

221 1739 363 1782 οὐκέτι
399 1736 648 1790 χαριςαίμην
686 1735 740 1779 ἂν
779 1737 911 1778 τοῦτο
948 1767 955 1775 .
990 1766 998 1775 .
1031 1747 1122 1776 ειςα
1154 1766 1162 1774 .
1199 1766 1207 1774 .
1240 1735 1357 1777 ολειν
1388 1767 1396 1775 .
1430 1733 1483 1774 ‚¹⁴
1514 1733 1756 1785 ἐπιτρέπειν

220 1809 406 1861 χρῆςθαι.
465 1806 573 1858 Ἤδη
610 1803 742 1847 τοῦτό
779 1803 889 1846 ἐςτιν
928 1803 953 1846 ὃ
991 1801 1147 1858 ἐγὼΙ15
1177 1801 1342 1855 φράςω.
1401 1802 1462 1844 Τὸ
1498 1801 1575 1854 μὲν
1606 1801 1755 1854 ἀμφις-

339 1947 354 1978 1
383 1941 470 1978 Cod.
498 1940 705 1985 εἰρήςομεν.
756 1937 926 1974 Correxit
948 1936 1185 1973 Niebuhrius.
1255 1945 1257 1947 ’

334 2004 355 2035 2
379 1998 438 2035 Ita
461 1997 597 2041 Codex,
622 1995 723 2041 quod
746 1994 972 2031 Niebuhrius
996 1994 1071 2030 iam
1097 1992 1317 2030 coniecerat.
1363 1992 1483 2028 Maius
1506 1993 1633 2036 τόνος,
1659 1991 1756 2027 unde

223 2056 411 2094 lacobsius
435 2055 558 2098 ὄγκος.

336 2117 357 2150 3
380 2110 516 2157 Incipiis
540 2109 628 2145 Cod.
654 2121 690 2156 p.
720 2113 794 2145 138.

334 2174 356 2206 4
382 2166 506 2205 Codex
529 2167 629 2210 οὔγε.

335 2230 356 2263 5
381 2224 469 2262 Cod.
499 2234 655 2260 τααυτα.

334 2287 356 2318 6
380 2282 438 2318 Ita
462 2280 597 2322 Codex.
647 2278 767 2314 Maius
791 2279 877 2322 ἅμα,
902 2277 999 2312 unde
1027 2276 1215 2313 lacobsius
1239 2278 1321 2321 ἄρα,

337 2344 357 2376 ’1
383 2338 472 2374 Cod.
498 2337 812 2373 ἀναπεπετάςθαι.

323 2389 357 2431 '8
382 2394 471 2430 Cod.
499 2395 755 2437 βουλοιτοτατ.
959 2427 970 2434 f

337 2457 358 2488 9
382 2450 472 2487 Ood.
498 2449 710 2493 οἰκυριοιτο.
752 2447 854 2483 Corr.
880 2447 1106 2484 Niebuhrius
1132 2447 1170 2482 et
1193 2446 1390 2482 lacobsius.

316 2513 358 2544 10
382 2507 463 2543 Om.
487 2505 616 2541 Maius.
1322 2525 1336 2546 .

319 2570 357 2600 11
385 2563 473 2600 Cod.
500 2562 647 2598 videtur
670 2561 810 2597 habero
834 2560 999 2604 γυνάςια.

319 2626 359 2658 12
384 2620 442 2656 Ita
466 2618 661 2655 emendavi
685 2617 829 2653 Codicis
855 2617 962 2662 Εύρῳ
990 2618 1141 2661 φύλακι.

318 2683 360 2714 13
385 2676 473 2713 Cod.
502 2678 601 2712 ελαις
625 2678 693 2719 τῆς
719 2676 945 2716 ὀλυπςιαςιν,
970 2672 1035 2707 sed
1060 2684 1151 2708 eras,
1173 2683 1231 2708 πς.
1269 2671 1354 2707 Mox
1379 2670 1498 2707 Maius
1522 2671 1598 2714 ἅμα
1621 2663 1755 2712 ταῦτα,

227 2736 323 2772 unde
349 2732 536 2769 Iacobsius
560 2731 666 2767 ἀλλά.

320 2795 362 2827 14
387 2791 444 2825 lta
473 2800 493 2824 e
525 2787 659 2824 Codice
689 2786 927 2833 descriptum.
977 2786 1112 2822 Maius:
1145 2796 1226 2822 πεις
1252 2814 1259 2820 .
1289 2813 1295 2820 .
1324 2786 1403 2821 δειν
1429 2813 1437 2821 .
1465 2813 1471 2819 .
1510 2782 1637 2819 Malim
1661 2783 1754 2818 fere:

228 2852 274 2886 τὸ
299 2852 422 2884 πεῖςαι
445 2846 567 2881 θέλειν
592 2846 651 2880 καὶ
675 2845 794 2888 ἐπιτρ.

320 2908 362 2940 15
384 2901 520 2949 Incipit
543 2900 631 2938 cod.
657 2913 692 2947 p.
722 2904 796 2936 137.
