1968 3158
295 169 361 206 AD
385 169 558 206 VERUM
588 169 750 205 IMPER.
778 168 1031 205 AURELIUM
1056 167 1316 204 CAESAREM
1339 167 1485 204 LIBER
1510 167 1554 202 II.
1605 168 1697 210 ’137

152 299 262 343 quae
293 299 373 342 ego
403 299 481 340 pro
511 284 711 328 maximis
741 285 862 328 duco.
924 283 1066 327 Sicut¹
1097 283 1144 326 in
1175 283 1286 326 extis
1316 282 1486 326 diffisa²
1515 282 1699 338 plerum-

152 368 234 411 que
263 353 443 399 minima
472 354 516 396 et
535 353 790 396 tenuissima
821 353 1029 396 maximas
1059 351 1312 408 significant
1342 351 1698 408 prosperitatesa,

152 424 201 466 ut
229 422 555 466 formicularum
585 424 629 465 et
659 421 926 478 apicularum
965 420 1147 463 ostentis
1186 435 1254 463 res
1284 420 1497 463 maximae
1527 422 1699 476 porten—

153 490 333 546 duntur,
368 491 499 533 item3
522 490 589 533 vel
609 490 800 533 minimis
831 491 874 532 et
903 489 1131 532 levissimis
1163 489 1217 531 ab
1246 503 1334 532 uno
1364 491 1409 532 et
1438 488 1552 535 Vero
1582 488 1699 544 prin-

154 560 248 616 cipe
278 559 442 602 habitis
483 558 615 602 officii
653 560 696 601 et
732 558 872 601 bonae
901 556 1118 600 volentiae
1149 558 1287 614 signis
1318 557 1556 614 significari
1588 557 1699 599 arbi-

152 629 244 670 tror
265 642 315 671 ea
335 642 444 684 quae
467 626 732 683 amplissima
761 627 876 669 inter
907 625 1129 668 homines⁴
1159 627 1204 668 et
1224 626 1550 682 exoptatissima
1581 627 1697 681 sunt,

154 711 273 739 amor
302 697 522 752 honorque
532 696 562 737 b.

266 765 408 821 Igitur
445 778 736 820 quaecumque
774 778 799 805 a
838 763 1023 805 Domino
1061 763 1182 805 meo⁵
1218 765 1294 805 tuo
1339 762 1476 806 fratre
1513 763 1700 819 petenda

152 833 353 888 fuerunt,
385 847 463 889 per
491 834 534 875 te
565 832 704 888 petita
734 833 863 887 atque
893 831 1126 887 impetrata
1157 831 1302 874 omnia
1332 831 1477 874 malui.

482 1003 574 1047 IX.
619 1003 822 1048 Domino
852 1002 955 1047 Meo
988 1002 1110 1046 Vero
1142 1001 1376 1059 Augusto.

268 1118 518 1175 Fatigatum
547 1133 615 1161 me
645 1117 890 1161 valetudine
919 1117 1088 1160 diutina
1110 1119 1154 1159 et
1173 1119 1346 1172 praeter
1367 1117 1540 1160 solitum
1561 1117 1699 1174 gravi,

155 1202 206 1230 ac
235 1186 502 1244 gravissimis
533 1186 664 1229 etiam
692 1186 880 1229 luctibus
910 1200 1049 1242 paene
1081 1186 1299 1228 continuis
1325 1185 1566 1228 adflictum:
1598 1200 1700 1227 nam

154 1256 201 1298 in
238 1255 511 1312 paucissimis
547 1255 767 1298 mensibus
805 1257 849 1297 et
885 1269 1061 1297 uxorem
1101 1254 1367 1297 carissimam
1412 1256 1455 1296 et
1498 1255 1701 1309 nepotem

154 1321 376 1367 trimulum
408 1323 554 1366 amisi:
592 1338 646 1366 ew
675 1324 815 1366 hisce⁶
835 1330 911 1366 ‘me
941 1323 1067 1366 malis
1097 1323 1348 1379 perpulsum
1377 1325 1701 1378 recreatumque

159 1393 190 1450 1⁷
210 1395 360 1435 tamen
381 1392 652 1448 aliquantum
671 1392 833 1448 fateor,
867 1392 980 1449 quod
999 1394 1043 1434 te
1062 1391 1311 1434 meminisse
1341 1391 1481 1433 nostri
1502 1393 1545 1434 et
1575 1405 1701 1447 quae-

156 1462 256 1504 dam
285 1463 436 1504 nostra
466 1461 731 1503 desiderasse
770 1461 967 1517 cognovi.
1029 1459 1130 1502 Misi
1167 1460 1304 1516 igitur
1342 1474 1450 1515 quae
1488 1459 1701 1501 Dominus

155 1545 276 1572 meus
304 1529 441 1572 frater
469 1531 570 1571 tuus
599 1529 757 1580 litteris
776 1529 864 1571 tuis
886 1528 1131 1571 admonitus
1151 1528 1365 1570 mittenda
1388 1528 1568 1570 censuit.
1614 1527 1701 1569 Ad-

156 1599 305 1641 iunxi⁸
335 1600 558 1654 praeterea
581 1597 829 1640 orationem
858 1612 936 1653 pro
966 1596 1296 1651 Demonstrato‚
1329 1611 1459 1651 quam
1490 1611 1586 1638 cum
1615 1596 1701 1637 fra-

155 1667 215 1709 tri
243 1669 319 1716 tuo
348 1666 535 1722 primum
565 1666 722 1721 optuli,
768 1665 897 1708 didici
929 1679 980 1707 ex
1011 1679 1059 1707 eo
1091 1664 1464 1720 Asclepiodotum,
1506 1664 1579 1720 qui
1610 1678 1701 1706 ora-

156 1735 275 1777 tione
310 1734 396 1776 ista
437 1734 736 1790 compelletur,
781 1749 807 1775 a
842 1735 886 1775 te
925 1747 1015 1776 non
1052 1732 1288 1788 inprobari.
1350 1732 1471 1783 Quod
1509 1746 1590 1788 ego
1627 1732 1702 1774 ubi

159 1803 372 1858 comperi,
413 1803 559 1845 curavi
591 1802 787 1858 equidem
818 1801 988 1844 abolere
1019 1801 1278 1856 orationem:
1331 1800 1406 1843 sed
1435 1800 1523 1843 iam
1553 1815 1701 1856 perva-

158 1872 274 1914 serat
303 1871 351 1912 in
379 1885 533 1913 manus
563 1870 766 1926 plurium,
799 1885 928 1926 quam
959 1871 1006 1912 ut
1037 1869 1199 1912 aboleri
1228 1871 1387 1924 posset.

274 2041 297 2066 a
322 2033 366 2065 In
389 2034 540 2076 margine
564 2034 763 2075 superiore:
801 2030 843 2065 In
869 2029 962 2065 extis
989 2050 1031 2055 —
1056 2028 1335 2076 prosperitates.

274 2087 298 2122 b
325 2090 369 2122 In
393 2083 756 2132 nearyine‘inferz’ore:
780 2088 822 2122 ut
845 2086 1125 2123 formicularum
1151 2089 1189 2122 et
1205 2085 1436 2132 apicularum
1462 2084 1619 2121 ostentis
1645 2097 1704 2121 res

159 2145 319 2181 maxime
350 2143 644 2191 portenduntur,
680 2143 735 2179 ita
763 2144 824 2180 vel
853 2143 1016 2179 minimis
1053 2143 1100 2179 ab
1132 2155 1205 2179 uno
1235 2142 1404 2189 principe
1428 2141 1703 2178 benivolentiae

161 2202 270 2248 signa
295 2200 525 2247 amplissima
547 2201 647 2236 inter
670 2200 841 2237 homines
867 2197 1113 2237 ostenduntur
1138 2211 1244 2236 amor
1267 2200 1473 2244 honorque.

189 2370 207 2379 Ν
276 2331 294 2362 1
321 2326 497 2372 Sequitur
519 2326 623 2362 locus
646 2326 685 2361 in
710 2326 845 2362 Codice
871 2326 1121 2362 oblitteratas.
1169 2324 1259 2360 Maii
1282 2324 1394 2360 lectio
1420 2336 1533 2369 quam
1558 2325 1702 2367 damus,

161 2397 236 2421 non
277 2384 447 2420 desumta
487 2383 542 2418 est
574 2395 594 2419 e
625 2384 742 2427 textu,
773 2383 812 2418 in
845 2395 918 2428 quo
953 2382 1101 2419 diversa
1134 2381 1294 2427 vestigia
1335 2382 1540 2427 apparent,
1586 2381 1652 2417 sed
1684 2392 1704 2416 e

162 2441 343 2486 margine.

277 2501 298 2532 2
322 2497 382 2532 Ita
406 2495 495 2531 Cod.
520 2506 590 2542 pro
616 2500 762 2541 diffissa.

278 2558 299 2590 3
322 2553 381 2588 Ita
406 2551 541 2597 Codex,
566 2553 608 2588 ut
629 2552 789 2589 videtur.

277 2614 299 2646 4
322 2610 381 2645 Ita
405 2608 540 2644 Codex.
590 2609 707 2645 Aliter
730 2609 859 2645 Maius.

278 2671 299 2703 5
322 2665 507 2701 Vocabuli
530 2665 691 2711 vestigia
715 2677 856 2701 cernas.

278 2728 298 2758 6
325 2723 488 2759 Tantum
519 2723 595 2759 fere
626 2721 739 2768 spatii
769 2723 827 2758 est
856 2721 895 2757 in
919 2721 1065 2758 Codice.
1117 2725 1242 2757 Maiae.
1293 2721 1530 2757 Heindorfius
1555 2721 1702 2758 scribit:

166 2781 360 2826 (erectum)
385 2787 652 2825 recreaczcmque.
1411 2790 1413 2793 ’

282 2841 301 2872 7
325 2836 461 2883 Incipit
484 2836 574 2872 Cod.
599 2848 634 2882 p.
660 2838 739 2871 428.

281 2897 302 2928 8
327 2893 380 2930 Cf.
406 2892 524 2940 Epist.
550 2892 599 2930 ad
622 2892 797 2928 Antonin.
825 2893 917 2939 Imp.
944 2892 989 2928 II.
1016 2895 1048 2929 8.
