1968 3158
441 165 507 202 AD
531 164 829 202 ANTONINUM
852 164 948 201 IMP.
977 163 1040 200 ΕΤ
1066 163 1270 200 INVICEM
1294 162 1439 199 LIBER
1463 163 1507 198 II.
1668 164 1744 206 107
1770 194 1780 203 .

202 282 343 327 noctis
373 282 544 325 demum
575 281 719 338 aliqua
747 283 872 338 parte
904 279 1134 336 contingit.
1193 278 1316 334 Vale,
1349 278 1408 321 mi
1438 277 1745 320 iucundissime

202 351 424 408 magister.
487 350 706 394 Ciceronis
744 349 972 407 epistulas,
1016 348 1053 390 si
1089 348 1202 390 forte
1234 346 1264 404 {¹
1296 347 1478 403 electas,
1525 348 1640 389 totas
1677 346 1746 389 vel

203 420 448 464 dimidiatas
479 419 627 475 habes,
660 419 885 475 inpertias,
917 417 986 459 vel
1016 430 1142 459 mone
1171 431 1277 472 quas
1307 415 1580 472 potissimum
1599 415 1745 473 legen-

202 489 279 532 das
308 488 415 531 mihi
447 503 622 532 censeas
653 487 706 530 ad
734 486 989 529 facultatem
1019 485 1228 528 sermonis
1256 485 1500 527 fovendam.

746 600 802 645 V.
842 599 1046 644 Domino
1075 598 1194 643 Meo.

317 694 526 745 Quinctus
556 693 627 736 hic
657 692 746 735 dies
786 694 851 735 est
886 693 935 734 ut
975 692 1196 747 correptus
1235 705 1328 733 sum
1364 691 1507 733 dolore
1537 675 1768 733 membr0-'

201 778 298 806 rum
326 762 540 819 omnium,
585 761 816 818 praecipue
855 761 999 803 autem
1037 759 1250 802 cervicum
1281 761 1324 801 et
1352 758 1596 815 inguinum.
1657 759 1745 801 Me-

201 831 309 874 mini
338 845 406 874 me
438 830 700 887 excerpsisse
731 838 810 872 exa
841 828 1059 872 Ciceronis
1081 827 1278 884 epistulis
1309 842 1359 870 ea
1384 828 1622 883 dumtaxat,
1655 828 1746 884 qui-

202 900 283 943 bus
313 899 478 942 inesset
509 899 652 955 aliqua
683 899 734 942 de
766 897 1012 954 eloquentia
1049 896 1117 939 vel
1154 896 1429 952 philosophia
1464 896 1533 939 vel
1571 897 1622 939 de
1652 911 1744 952 rep.

202 968 458 1025 disputatio:
488 970 714 1024 praeterea
735 966 877 1023 siquid
893 965 1083 1023 eleganti
1105 966 1181 1008 aut
1201 965 1357 1008 verb02
1377 965 1562 1007 notabili
1583 965 1746 1007 dictum

201 1037 439 1092 videretur,
487 1035 695 1092 excerpsi.
755 1034 874 1085 Quae
909 1035 958 1077 in
987 1049 1068 1076 usu
1096 1048 1192 1076 meo
1231 1033 1286 1090 ad
1314 1048 1491 1075 manum
1521 1035 1646 1075 erant
1677 1049 1745 1075 ex-

203 1107 372 1162 cerpta,
412 1105 511 1148 misi
547 1104 642 1147 tibi.
703 1104 809 1146 Tres
846 1103 1002 1158 libros,
1049 1103 1154 1145 duos
1185 1102 1239 1144 ad
1269 1101 1474 1157 Brutum,
1520 1117 1655 1143 unum
1693 1102 1746 1144 ad

202 1174 389 1217 Axium-⁹¹
420 1173 604 1217 describi
634 1172 816 1228 iubebis,
849 1172 886 1214 si
915 1171 1018 1228 qm‘d
1047 1171 1110 1214 rei
1141 1185 1233 1213 esse
1260 1170 1496 1226 videbitur,
1531 1172 1574 1213 et
1602 1170 1746 1212 remit-

201 1245 267 1286 tes
304 1243 430 1286 mihi:
476 1257 579 1285 nam
617 1241 909 1297 exemplares4
949 1235 1096 1283 eorum
1132 1241 1431 1296 excerptorum
1468 1239 1610 1281 nullos
1647 1239 1745 1281 feci.

203 1311 363 1354 Omnes
402 1313 547 1354 autem
578 1310 796 1354 Ciceronis
835 1309 1043 1365 epistulas
1080 1309 1288 1366 legendas
1328 1323 1481 1351 censeo
1518 1323 1615 1350 mea
1653 1322 1746 1350 sen-

201 1379 354 1435 tentia,
386 1379 454 1423 vel
483 1379 624 1436 magis
654 1393 784 1435 quam
814 1393 963 1422 omnes
994 1378 1084 1421 eius
1115 1377 1347 1420 orationes.
1393 1376 1607 1433 Epistulis
1629 1376 1746 1420 Cice-

201 1448 319 1491 ronis
348 1447 459 1491 nihil
489 1450 556 1491 est
584 1447 861 1504 perfectiusb.

626 1561 712 1605 VI.
756 1561 960 1605 Domino
990 1561 1093 1605 Meo
1123 1560 1322 1604 Front0.

318 1654 536 1707 Quantam
569 1687 577 1695 .
604 1687 612 1695 .
639 1687 647 1695 .
681 1652 969 1696 sollicitudine
1002 1687 1010 1695 .
1036 1686 1044 1695 .
1077 1654 1135 1694 ud
1164 1654 1253 1694 tuo.
1305 1651 1397 1701 Quo
1431 1685 1439 1693 .
1465 1685 1473 1693 .
1499 1685 1507 1693 .
1533 1684 1542 1693 .
1577 1652 1593 1676 5
1624 1685 1632 1693 .
1664 1685 1672 1693 .
1734 1683 1743 1693 .

206 1756 354 1766 .....
386 1725 523 1765 tatem
553 1721 759 1765 historiae
791 1723 938 1777 aptam
966 1735 1107 1777 neque
1137 1721 1258 1763 illam
1285 1720 1623 1762 moderationem
1653 1735 1746 1762 ora-

202 1791 312 1834 tioni
344 1791 726 1834 accommodatam.
787 1790 970 1846 Figuras
1002 1790 1153 1845 etiam,
1194 1803 1300 1845 quas
1333 1787 1516 1831 Graeci6
1556 1790 1746 1842 (χήματα

202 1862 374 1915 vocant,
406 1859 530 1902 illum
559 1859 779 1914 historiae,
812 1858 928 1901 hunc
959 1858 1144 1900 orationi
1167 1859 1455 1914 congruentes
1479 1856 1745 1899 adhibuisse:

204 1928 457 1972 Sallustium
489 1927 716 1970 antithetis
747 1927 929 1970 honeste
969 1926 1215 1982 compositis
1246 1925 1416 1968 usum7:
1457 1930 1586 1968 aliem*
1621 1929 1745 1978 adpe-

203 2004 304 2049 cens,
336 2001 402 2040 sui
424 1999 648 2050 profusus;
678 2000 777 2039 satis
806 2000 1073 2049 eloquentiae,
1103 1999 1332 2048 sapientiae
1356 2008 1527 2047 partum
1564 2007 1745 2049 parono-

203 2065 340 2108 masia
371 2065 502 2107 etiam
530 2064 837 2108 non‘absurda
867 2078 948 2119 nec
977 2063 1149 2119 fribola,
1190 2063 1264 2105 sed
1292 2062 1428 2118 proba
1459 2063 1502 2104 et
1533 2061 1745 2118 eleganti:

318 2213 341 2238 a
366 2204 410 2237 In
434 2205 603 2247 margine:
628 2202 683 2238 De
709 2202 748 2237 in
772 2201 863 2237 aljis.

317 2259 343 2294 b
370 2251 414 2294 [ἦ
437 2262 605 2304 margine:
631 2258 809 2305 Epistulis
836 2256 1024 2294 Ciceronis
1047 2257 1140 2293 nihil
1165 2260 1220 2293 est
1243 2255 1458 2303 perfectius.

320 2388 337 2419 l
362 2383 498 2430 Incipit
529 2382 618 2419 Cod.
643 2383 765 2420 Vatic.
796 2396 832 2429 p.
854 2387 918 2419 143
948 2383 1048 2419 lectu
1080 2380 1257 2426 difficilis:
1300 2382 1441 2418 amicus
1470 2391 1546 2417 non
1577 2379 1744 2416 contulit.

204 2440 388 2476 Ultimum
410 2440 635 2476 vocabulum
658 2451 745 2486 pag.
773 2451 894 2486 super.
920 2440 1104 2476 incertmn
1129 2440 1194 2475 est.

319 2501 340 2533 2
364 2497 556 2533 Fortasse:
581 2499 684 2532 verbo
709 2504 779 2534 aut.
821 2499 977 2532 Orellius.

320 2558 341 2590 3
367 2552 455 2590 Cod.
482 2565 538 2599 pr.
564 2565 612 2588 m.
641 2555 824 2590 Auxilium.

320 2614 343 2646 4
366 2611 425 2646 Ita
449 2609 586 2646 Codex.

319 2672 340 2704 5
364 2667 515 2703 Lacuna
537 2666 772 2713 paginarum,
798 2667 840 2702 ut
865 2666 1088 2711 conficimus,
1114 2666 1321 2702 duodecim.
1362 2664 1538 2710 Sequitur
1555 2664 1644 2701 Cod.
1659 2665 1743 2702 Vat.

205 2728 335 2771 p.158;
359 2725 440 2760 tum
456 2736 493 2770 p
506 2727 581 2768 157,
605 2723 671 2759 sed
692 2723 760 2759 ubi
782 2723 939 2787 incipiat
962 2723 1096 2767 nescio,
1121 2736 1209 2760 nam
1225 2724 1347 2758 totum
1364 2721 1494 2758 folium
1510 2722 1658 2768 nigrum
1677 2724 1745 2759 est.

321 2785 342 2816 6
367 2780 508 2817 Codex:
530 2793 668 2826 graece,
707 2780 773 2816 sed
795 2781 836 2816 in
858 2780 1028 2827 margine
1055 2783 1190 2817 Graeci.
1239 2780 1336 2815 Tum
1358 2779 1396 2814 in
1421 2779 1554 2815 eodem
1577 2778 1747 2826 margine

205 2845 378 2874 scaemata
402 2837 579 2874 mendose
603 2847 672 2883 pro
696 2840 880 2875 schemata.

322 2898 341 2931 7
367 2893 515 2931 Sallust.
543 2894 649 2931 Catil.
678 2905 706 2931 c
726 2898 758 2931 5.
