1968 3158
722 196 988 233 EPISTULAE
1013 195 1249 233 GRAECAE.
1665 196 1747 240 251

215 328 297 360 νον
334 316 668 369 παραςκευάζοι,
706 314 857 367 ἕτερον
897 315 946 357 δὲ
982 312 1162 357 ἐπαίνου
1199 313 1458 367 ἀποςτεροίη
1497 312 1552 356 οὐ
1591 311 1750 355 δίκαιός

217 382 404 441 [ἐςτιν]“.
446 384 501 427 Cf)
532 385 579 427 δὲ
609 383 772 437 μεγάλα
801 385 922 436 δῶρα
943 382 1147 435 πέμπων,
1180 386 1320 439 ςαυτῷ
1351 383 1428 436 μὲν
1459 381 1640 426 ἔπαινον
1672 394 1750 424 πα-

216 452 484 508 ραςκευάζεις
506 452 565 495 ώς
586 449 930 505 ’μεγαλοφρόνως
953 451 1247 504 χαριζόμενος,
1277 450 1351 504 ἐμὲ
1371 451 1418 494 δὲ
1440 450 1620 494 ἐπαίνου
1641 449 1750 493 ἀπο·

218 524 375 576 ςτερεῑς
418 520 661 575 προςίεςθαι
706 519 966 574 βιαζόμενος.
1026 519 1208 572 Δόξαιμι
1253 519 1335 572 γὰρ
1376 518 1478 574 ἂν12
1515 520 1583 562 καὶ
1621 518 1751 562 αὐτὸς

217 589 509 645 μεγαλόφρων
538 589 591 632 τὰ
619 590 850 641 τηλικαῦτα
879 588 934 641 μὴ
965 588 1241 642 προςέμενος.
1294 588 1360 631 Ἐν
1391 588 1439 631 δὲ
1469 590 1559 631 τοῖς
1589 588 1752 640 μικροῖς

216 661 306 703 τῶν
337 658 494 712 δώρων
516 655 637 701 ὶ’ςος8
664 656 857 711 ἔπαινος,
889 659 950 712 τῷ
972 656 1048 709 μὲν
1079 656 1294 710 πέμψαντι
1325 655 1390 699 ὅτι
1420 655 1500 699 οὐκ
1530 655 1750 709 ἠμέληςεν,

217 732 279 784 τῷ
310 728 358 771 δὲ
388 726 561 781 λαβόντι
592 724 657 768 ὅτι
687 724 769 779 οὐχ
798 724 1141 778 ὑπερηφάνηςεν.
1200 721 1415 767 Ματεῦςαι
1436 758 1470 766 ..
1502 725 1556 777 μὴ
1589 724 1750 777 χρώμε-

218 809 296 840 νος
335 829 343 838 .
383 829 391 837 .
431 828 438 838 .
479 795 547 838 καὶ
584 796 836 848 ςταυρωτοῦ
872 793 923 836 τὸ
960 795 1106 846 δῶρον
1145 793 1250 853 ἐμοῦ
1289 793 1541 846 πέμψαντος
1579 792 1659 835 οὐκ
1697 793 1751 835 ἂν

218 864 369 918 ἔλαβες
399 897 407 906 .
440 897 447 906 .
479 877 598 916 παρα
628 896 636 906 .
668 897 676 905 .
708 862 983 917 πεμφθέντας
1012 864 1168 905 παῖδας
1197 861 1409 914 ἡδόμενος
1439 859 1711 914 προςέμηνί.
1743 894 1751 903 .

217 964 753 975 ..............
765 931 793 987 15
861 932 1049 974 Γλαῦκος
1092 930 1749 973 πάλαι.............

219 1034 427 1044 ......
442 999 475 1056 {⁶
506 1000 664 1054 χρύςεα
692 1002 782 1044 τῶν
811 999 1023 1052 χαλκείων
1054 999 1120 1041 καὶ
1149 999 1203 1042 τὰ
1233 998 1487 1052 ἑκατόμβοια
1514 1001 1602 1042 τῶν
1633 998 1752 1042 ἐννε-

219 1069 382 1124 αβοίων
413 1068 678 1123 ἀμείβοντος.
736 1068 861 1111 Πᾶςα
891 1068 968 1121 μὲν
997 1067 1081 1120 γὰρ
1112 1066 1273 1119 ἀνάγκη
1304 1067 1382 1110 τὸν
1413 1066 1696 1120 ἀμειβόμενον
1726 1067 1752 1119 ἢ

219 1138 333 1181 πολὺ
364 1138 554 1181 πλέονος
591 1136 686 1181 ἄξια
722 1136 1002 1189 ἀντιπέμπειν
1033 1136 1102 1179 καὶ
1131 1136 1303 1191 Ὁμήρῳ
1333 1134 1511 1187 μάρτυρι
1540 1135 1617 1177 τὰς
1648 1134 1752 1188 φρέ-

219 1220 299 1250 νας
328 1208 472 1249 δοκεῖν
503 1205 590 1248 ὑπὸ
620 1205 831 1248 τοῦῆΔιὸς
862 1204 1120 1258 βεβλάφθαι,
1150 1204 1176 1256 ἢ
1198 1203 1275 1246 τὰῚ
1297 1203 1400 1256 μείω
1433 1203 1755 1255 ἀντιπέμποντα

220 1276 274 1328 μὴ
313 1274 451 1317 δίκαια
489 1275 642 1317 ποιεῖν.
701 1273 869 1332 Τρίτον.
901 1273 948 1315 δὲ
986 1273 1052 1315 καὶ
1088 1271 1359 1316 δικαιότατον
1397 1271 1425 1314 ἃ
1454 1272 1662 1324 πέμπεται
1692 1274 1753 1326 τῷ

220 1343 338 1399 αὐτῷ
377 1343 516 1399 μέτρῳ
554 1342 661 1384 κατά
698 1355 747 1392 γε
776 1340 999 1384 Ἡςίοδον8
1036 1341 1194 1394 δώροις
1230 1340 1477 1394 ἀμείβεςθαι.
1537 1340 1677 1383 Τοῦτο
1708 1341 1755 1382 δὲ

221 1413 246 1455 ὁ
277 1414 418 1467 ποιῷν
449 1410 707 1469 ὁμοιότατος
737 1410 790 1453 ἂν
820 1408 911 1462 εἰἠ9
943 1409 1035 1462 ἐμοὶ
1065 1413 1126 1465 τῷ
1158 1409 1267 1452 αὐτὰ
1296 1410 1348 1461 δὴ
1379 1409 1431 1451 τὰ
1446 1408 1476 1434 ¹⁰
1505 1408 1755 1461 πεμφθέντα

221 1479 535 1533 ἀποπέμποντι.
595 1478 729 1524 Ἀλλὰ
764 1480 898 1521 ταῦτα
935 1479 1012 1531 μὲν
1043 1477 1159 1532 φίλῳ
1190 1477 1300 1530 πρὸς
1328 1477 1407 1520 τὸν
1440 1477 1648 1530 φίλτατον
1680 1490 1754 1518 πε-

222 1548 401 1602 παίχθω.
431 1548 623 1600 Ἔρρωςο
639 1548 687 1589 δὲ
708 1547 770 1601 ςύ,
803 1548 933 1589 τοῦτο
955 1545 1021 1589 καὶ
1042 1545 1319 1598 λογιζόμενος
1341 1544 1406 1588 ὅτι
1427 1545 1594 1588 πλέονα
1614 1547 1753 1588 τῶνδε

224 1616 377 1661 ἑκατὸν
409 1615 539 1659 αὐτὸς
569 1612 823 1668 παρέξεις1ῑ.

340 1791 356 1822 1
383 1785 542 1832 Supplet
565 1783 772 1827 Iacobsius,
797 1795 1023 1829 quamquam
1048 1795 1121 1819 nou
1147 1784 1205 1819 est
1227 1783 1361 1820 lacuna
1384 1782 1422 1818 in
1447 1782 1592 1819 Codice.

338 1848 359 1879 2
383 1841 519 1888 Incipit)
547 1841 635 1877 Cod.
661 1853 698 1887 p.
727 1844 802 1876 152.

339 1906 360 1937 3
386 1899 475 1936 eod.
500 1898 683 1934 incertum
708 1909 756 1934 an
779 1898 900 1933 τόςος.

338 1962 359 1993 4
383 1955 679 2003 &praesentavi
702 1954 902 1991 lecssionem
924 1954 1024 1990 Maii.
1074 1954 1264 1990 Iacobsius
1295 1953 1440 1990 scribit:
1482 1955 1578 1990 ἀλλὰ
1604 1953 1756 1989 παυςαί-
1794 1950 1802 1957 ’

227 2028 301 2061 μην
326 2016 372 2050 ἂν
398 2015 453 2050 ςοί
479 2013 637 2058 μάρτυρι
661 2013 873 2057 χρώμενος·
900 2013 959 2047 καὶ
985 2013 1027 2047 ςὺ
1052 2012 1124 2056 γὰρ
1140 2015 1301 2048 τοςοῡτο
1318 2013 1444 2055 δῶρον
1468 2011 1561 2054 ἐμοῦ
1587 2011 1757 2055 πέμψαν-

225 2084 291 2109 τος
323 2072 393 2107 eet.
443 2069 594 2106 Amicus
622 2067 731 2104 vidit:
773 2080 1024 2113 ματευςαιμην
1055 2070 1297 2104 δανεικοντας
1326 2079 1678 2113 νωητιωχρωμενος
1704 2078 1756 2102 ως

227 2141 287 2165 και
302 2155 480 2164 ........
497 2137 587 2162 ςταυ
602 2154 608 2161 .
628 2137 766 2162 οτουτο
783 2127 907 2170 δῶρον
926 2126 1016 2168 ἐμοῦ
1035 2126 1256 2170 πέμψαντος
1273 2126 1343 2160 οὐκ
1361 2126 1407 2160 ἂν
1420 2126 1550 2168 ἔλαβες
1565 2135 1592 2158 π
1607 2151 1614 2159 .
1632 2152 1639 2158 .
1656 2135 1758 2168 παρα

229 2213 383 2222 .......
411 2183 653 2228 πεμφθέντας
685 2183 818 2218 παῖδας
843 2183 1028 2227 ἡδόμενος
1054 2183 1266 2227 προςήκων.
1311 2180 1491 2218 Coniicio:
1526 2181 1757 2217 Νεανιευςαί-

229 2254 304 2288 μην
329 2243 368 2278 δ’
392 2242 439 2276 ἂν
464 2240 582 2276 εἰκόνι
607 2239 761 2284 ἐναντίᾳ
792 2240 986 2283 χρώμενος
1019 2240 1072 2274 ὡς
1098 2241 1158 2275 καὶ
1189 2240 1270 2283 ἐμοὶ
1295 2240 1421 2275 δοκεῖν
1451 2239 1494 2273 ςὺ
1520 2239 1615 2273 αὐτὸ
1640 2241 1758 2272 τοῦτο

227 2301 352 2343 δῶρον
377 2299 469 2341 ἐμοῦ
494 2298 717 2341 πέμψαντος
742 2297 812 2332 οὐκ
837 2297 882 2331 ἂν
906 2297 1055 2340 ἔλαβες,
1081 2299 1164 2331 πῶς
1189 2296 1290 2340 παρὰ
1312 2298 1378 2331 ςοῦ
1401 2296 1492 2330 τοὺς
1518 2295 1758 2338 πεμφθέντας

228 2357 362 2391 παῖδας
394 2355 579 2398 ἡδόμενος
611 2353 817 2398 προςείμην
849 2354 912 2396 ἄν;
944 2353 1030 2388 sunt
1058 2352 1096 2387 in
1126 2351 1185 2388 his
1217 2351 1403 2397 quaedam
1432 2363 1507 2387 non
1530 2349 1620 2386 satis
1645 2351 1758 2392 certa,

228 2411 294 2447 sed
316 2408 475 2455 intelligi
498 2421 595 2445 nunc
618 2409 760 2455 poterit
783 2408 872 2453 quid
895 2409 1034 2444 Fronto
1059 2408 1203 2444 dixerit.

343 2471 364 2502 5
387 2467 539 2502 Lacuna.
562 2465 719 2501 duorum
741 2476 925 2501 versuum.

342 2527 363 2558 6
386 2523 537 2558 Lacuna
560 2533 733 2558 versuum
757 2523 911 2567 septem.

344 2585 362 2616 7
389 2578 531 2615 Codex:
558 2590 603 2614 ια.
653 2577 789 2613 Omisit
810 2577 939 2613 Maius.
1422 2620 1424 2623 Ι

343 2642 365 2673 8
388 2636 516 2671 Verba
540 2635 626 2670 sunss
650 2634 687 2669 in
713 2634 847 2669 Codice
873 2633 1040 2670 evanida.
1091 2634 1186 2668 Dedi
1210 2634 1461 2670 coniecturam
1489 2633 1655 2669 Iacobsii.
1690 2633 1756 2668 Mi-

231 2695 333 2730 rifica
356 2693 443 2729 sunss
466 2703 561 2738 quae
577 2690 696 2727 Maius
720 2691 828 2736 legit:
853 2695 909 2735 τῷ
933 2691 1040 2736 αὐτῷ
1066 2692 1176 2735 μικρὰ
1201 2693 1260 2726 καὶ
1284 2691 1374 2727 τότε
1392 2690 1482 2726 ἷςοις
1499 2691 1634 2735 δώροις
1659 2691 1758 2734 ἀμεί-

233 2754 366 2795 βεςθαι.

343 2811 364 2842 9
390 2806 450 2842 Sic
474 2804 643 2852 supplevi
665 2816 821 2851 parvam
844 2803 1025 2840 lacunam.

323 2868 364 2899 10
389 2862 470 2899 Om.
494 2860 626 2898 Maius.

326 2925 362 2956 11
390 2918 559 2955 Tandem
583 2918 675 2956 haee
699 2917 891 2965 exsculpsi,
915 2928 1011 2964 quae
1029 2917 1119 2954 mihi
1135 2918 1180 2954 ut
1194 2917 1232 2954 in
1249 2917 1424 2955 lacunoso
1441 2917 1524 2954 loco
1541 2917 1631 2954 satis
1656 2919 1759 2957 certa
