1968 3158
714 176 982 214 EPISTULAE
1007 174 1243 213 GRAECAE.
1667 175 1746 218 241

142 301 145 303 ’
212 305 274 336 τις
304 291 513 336 ἀπίθανος
544 293 569 345 ἡ
600 294 678 335 τοῦ
702 293 900 346 Ὀρφέως
932 293 1082 336 εἰκὼνι
1114 293 1158 336 ἐξ
1189 292 1297 346 ᾅδου
1319 289 1590 344 ἀνιμημένηῖ.
1622 291 1750 334 Ἀπο-

213 362 447 414 λογήςομαι
478 362 525 403 δὲ
563 361 822 405 τούντεῦθεν
861 362 941 415 ἤδη
983 360 1110 404 ὅθεν3
1149 360 1203 404 ἂν
1241 360 1372 416 ῥᾷςτα
1403 361 1652 412 ςυγγνώμης
1681 359 1753 402 τύ-

214 443 339 483 χοιμι.
384 429 432 473 Τί
463 430 515 483 δὴ
546 430 676 472 τοῦτό
707 430 840 484 ἐςτινς
872 428 937 472 ὅτι
964 428 1227 482 ςυγγράφων
1257 429 1308 471 τὸ
1339 431 1418 471 τοῦ
1443 429 1655 471 Βαςιλέως
1685 428 1754 479 ἐγ-

216 499 378 551 κώμιον
419 498 634 553 ἔπραττον
681 498 706 540 ὃ
747 497 922 550 μάλιςτά
966 497 1030 540 coi
1073 511 1118 540 τε
1164 497 1231 539 καὶ
1268 501 1330 554 τῷ
1379 501 1438 552 ςῷ
1477 498 1594 540 παιδὶ
1631 510 1755 549 κεχα-

216 567 414 620 ριςμένον
445 566 567 610 ἐςτίν.
628 566 800 609 Ἔπειτα
830 566 877 607 δὲ
909 566 975 608 καὶ
1007 565 1126 619 ὑμῶν
1158 566 1396 618 ἐμεμνήμην
1427 566 1494 607 καὶ
1525 565 1753 617 ὠνόμαζόν

215 635 286 678 τε4
316 634 422 688 ὑμᾶς
450 635 498 678 ἑν
517 638 580 690 τῷ
603 634 930 687 ςυγγράμματι5,
962 633 1106 687 ὥςπερ
1128 633 1167 676 οἱ
1189 634 1357 686 ἑραςταὶ
1387 634 1489 676 τοὺς
1520 634 1754 687 φιλτάτους

217 703 503 756 ὀνομάζουςιν
540 703 610 745 ἐπὶ
639 702 751 758 πάςῃ
789 702 936 744 κύλικι.
998 702 1127 745 Ἀλλὰ
1156 702 1239 754 γὰρ
1270 702 1462 754 ἀτεχνῶς
1499 703 1550 745 τὸ
1580 705 1670 745 τῶν
1702 701 1756 744 εἰ-

216 771 361 815 κόνων
391 770 575 823 ἐπειςρεῖ
605 771 671 813 καὶ
710 770 973 824 ἑπιφύεταιθ.
1033 770 1144 822 Αὕτη
1175 773 1284 821 γοῦν
1314 770 1562 824 παρεφάνη,
1592 770 1646 822 ἢν
1686 770 1758 812 ἐπὶ

217 839 369 883 πάςαις
406 839 537 889 λέξω,
577 838 666 891 ἥτις
705 839 771 882 καὶ
807 838 1077 882 δικαιότατα7
1118 838 1243 881 εἰκὼν
1275 838 1329 882 ἂν
1374 838 1759 891 προςαγορεύοιτο,

218 906 326 950 οὖςα
363 907 410 950 ἐκ
447 907 758 963 ζωγράΙΒφου·
796 907 874 950 τὸν
909 907 1202 959 Πρωτογένη9
1240 907 1319 950 τὸν
1355 906 1593 959 ζωγράφον
1631 906 1760 959 φαςὶν

217 975 370 1020 ἕνδεκα
401 975 534 1018 ἔτεςιν
564 975 641 1018 τὸν
679 975 868 1018 Ἰάλυςον
906 974 1084 1028 γράψαι,
1125 975 1254 1026 μηδὲν
1294 974 1446 1027 ἕτερον
1486 974 1532 1017 ἐν
1564 977 1654 1016 τοῖς
1691 974 1760 1016 ἕν-

218 1047 321 1086 δεκα
351 1043 485 1086 ἔτεςιν
516 1044 542 1095 ἢ
571 1044 649 1086 τὸν
682 1043 872 1087 Ἰάλυςον
911 1043 1155 1096 γράφοντα.
1218 1042 1331 1094 Ἐμοὶ
1369 1043 1415 1084 δ’
1453 1042 1534 1095 οὐχ
1571 1042 1644 1096 εἷς,
1679 1041 1759 1084 δύο

219 1113 266 1155 δὲ
297 1111 382 1164 ἅμα
402 1111 574 1154 Ἰαλύςω
606 1111 894 1164 ἐγραφὲςθην,
925 1110 979 1153 οὐ
999 1111 1051 1162 δὴ
1066 1110 1097 1135 ¹⁰
1119 1112 1212 1153 τοῖν
1246 1111 1500 1163 προςώποιν
1534 1109 1636 1152 οὐδὲ
1666 1112 1760 1152 ταῑν

220 1182 412 1234 μορφαῑν
444 1180 597 1232 μόναιν
614 1179 666 1234 ¹¹,
725 1180 835 1222 ἀλλὰ
869 1180 939 1240 ἡκαὶ
983 1180 1078 1222 τοῖν
1125 1178 1306 1231 τρόποιν
1345 1179 1413 1220 καὶ
1453 1181 1548 1221 ταῖν
1586 1178 1761 1230 ἀρεταῖν

221 1249 275 1291 οὐ
296 1248 452 1302 μετρίω
473 1247 576 1291 ὄντε
596 1246 742 1301 ἄμφω,
774 1247 876 1290 οὐδὲ
895 1247 1134 1301 γράφεςθαι
1158 1246 1292 1302 ῥᾳδίω
1307 1245 1353 1298 ¹²,
1385 1246 1486 1288 ἀλλ>
1509 1245 1534 1288 ὁ
1555 1247 1632 1298 μέν
1650 1246 1762 1288 ἐςτιν

220 1317 349 1369 μέγας
373 1316 573 1358 Βαςιλεὺς
594 1314 744 1368 ἄρχων
764 1315 900 1368 πάςης
918 1318 997 1367 γῆς
1018 1316 1084 1358 καὶ
1114 1315 1338 1367 θαλάττης,
1371 1314 1396 1356 ὁ
1427 1315 1472 1356 δ’
1504 1314 1651 1367 ἕτερος
1671 1314 1763 1356 υἱὸς

221 1383 478 1439 μεγάλουΙ13
525 1384 760 1435 Βαςιλέως,
798 1384 967 1427 ἐκείνου
1006 1385 1082 1436 μὲν
1115 1383 1234 1426 οὕτω
1265 1385 1379 1434 παῖς,
1422 1382 1567 1434 ὥςπερ
1606 1383 1762 1433 Ἀθηνᾶ

658 1458 709 1468 με.
729 1449 743 1466 C

220 1478 299 1518 τοῦ
321 1474 444 1524 Διός,
477 1475 549 1517 ςὸς
571 1476 618 1517 δὲ
640 1470 887 1517 (ΩΝΙΟΕΗ
917 1475 978 1517 ὡς
998 1477 1073 1526 τῆς
1094 1475 1230 1527 Ἥρας
1263 1473 1287 1515 ὁ
1309 1475 1564 1527 Ἥφαιςτος·
1594 1473 1763 1515 ἀπὲςτω

222 1545 270 1586 δὲ
300 1545 350 1586 τὸ
387 1546 476 1586 τῶν
517 1546 669 1586 ποδῶν
706 1543 863 1596 ταύτης
899 1545 973 1595 τῆς
1003 1545 1081 1586 τοῦ
1112 1542 1346 1596 Ἡφαίςτου
1378 1541 1556 1584 εἰκόνος.
1609 1541 1655 1582 Ἡ
1689 1541 1765 1592 μὲν

341 1650 357 1679 1
385 1643 475 1679 Οοᾶ.
499 1644 629 1679 Ambr.
656 1644 742 1679 add.
767 1646 803 1688 ἡ.

287 1717 292 1719 >
336 1705 357 1736 2
381 1700 501 1736 Maius
525 1711 554 1735 c.
582 1700 662 1736 cod.
687 1699 773 1736 Vat.
800 1701 843 1735 ut
865 1700 1027 1735 videtur
1038 1700 1168 1736 scribit
1192 1662 1380 1744 ἀνειμένη.
1407 1699 1450 1733 In
1476 1697 1563 1733 Ccd.
1591 1699 1763 1734 Ambros.

224 1757 413 1793 iuvenitur
438 1758 485 1793 Α
492 1757 754 1793 ΗΜΕΙΜΕΝΗ.

340 1819 360 1851 3
385 1814 467 1850 Duo
492 1813 676 1849 vocabula
700 1813 866 1849 desunt·
856 1826 896 1849 m
921 1813 1008 1850 Cod.
1035 1813 1207 1849 Ambros.

339 1875 362 1906 4
386 1869 622 1906 Heindorfius
646 1870 777 1905 scribit
801 1872 854 1906 δέ.
895 1869 1070 1906 Fortasse
1095 1870 1208 1905 recte.

341 1931 362 1963 5
385 1926 570 1962 Nimirum
592 1926 631 1961 in
662 1926 726 1962 illo
758 1927 806 1962 ad
830 1926 937 1962 Pium
961 1926 1190 1972 panegyrico
1221 1926 1260 1961 M
1304 1937 1452 1971 quoque
1476 1925 1669 1961 Aurelium
1692 1925 1767 1961 lau—

229 1984 348 2020 dabat
371 1984 521 2019 Fronto.
561 1986 686 2018 Maius.
734 1983 823 2018 Mox
848 1985 968 2019 κύλικι
993 1982 1136 2028 prodiit
1160 1994 1180 2018 e
1198 1981 1287 2017 cod.
1302 1981 1408 2025 Vat.;
1432 1981 1471 2017 in
1489 1981 1577 2017 Cod.
1595 1982 1766 2018 Ambros.

228 2041 452 2077 vocabulum
476 2040 717 2076 obscuratum
749 2041 847 2083 erat3
877 2039 998 2075 Maius
1023 2039 1225 2086 scripserat
1247 2043 1354 2084 τιμῇ,
1388 2038 1487 2074 unde
1518 2037 1708 2074 Iacobsius
1731 2038 1770 2072 in

228 2097 356 2133 Wolfii
379 2096 569 2133 Analectis
594 2097 611 2131 I
638 2101 719 2132 117:
751 2098 917 2142 ἀφορμῇ.

343 2158 364 2190 6
390 2153 798 2198 Οοᾶ.ΑιιιΙ)ι·.επειορει.
819 2152 907 2189 Cod.
922 2152 1136 2197 Vatkvtetpt
1150 2163 1376 2198 c suprascr.
1391 2152 1428 2187 C.
1451 2150 1553 2187 Corr.
1570 2151 1768 2187 Iacobsius.

345 2215 363 2247 7
391 2210 479 2246 Cod.
505 2210 591 2246 Vat.
619 2211 848 2255 δικαιοτάτη.

345 2272 366 2303 8
390 2266 526 2313 Incipit
552 2266 639 2302 Cod.
666 2267 838 2302 Ambros.
863 2279 899 2313 p.
928 2270 1003 2302 163.

345 2329 366 2360 9
392 2323 445 2359 Cf.
470 2323 564 2359 Pliii.
589 2323 634 2358 H.
660 2323 704 2358 N.
731 2322 867 2359 XXXV
892 2323 971 2359 sect
994 2327 1049 2358 26.

329 2386 373 2418 10.
395 2380 540 2416 Codex:
566 2382 667 2417 οὐδέ.
717 2380 886 2416 Correxit
910 2379 1114 2416 Iacobsius.
1156 2390 1159 2392 ·
1210 2379 1215 2382 '

327 2441 365 2472 11
393 2436 481 2472 Cod.
506 2436 592 2472 Vat.
619 2439 749 2481 μόνον.

326 2498 366 2528 12
393 2492 483 2528 Tria
505 2494 623 2528 verba
647 2493 785 2529 absunt
807 2493 846 2528 in
872 2493 959 2528 Cod.
986 2493 1092 2528 Rom.
1135 2492 1176 2527 In
1202 2491 1290 2526 Cod.
1317 2491 1487 2525 Ambros.
1528 2490 1650 2524 exstat
1675 2489 1773 2534 quod

235 2549 337 2593 dedi3
368 2549 489 2584 Maius
518 2561 588 2595 pro
620 2549 754 2585 Graeci
785 2549 965 2584 sermonis
994 2548 1210 2593 ignorantia.
1232 2547 1355 2582 locum
1388 2546 1485 2581 ultro
1511 2545 1687 2591 corrupit.

327 2610 369 2642 13
394 2605 592 2651 Hucusque
618 2605 743 2641 Codex
766 2605 982 2641 Vaticanus.

328 2666 370 2698 14
393 2662 452 2698 Ita
477 2662 612 2698 Codex.
660 2662 772 2698 Latet
795 2663 904 2705 ἴδιος,
936 2663 977 2696 ut
1008 2661 1166 2696 videtur.
1215 2660 1335 2695 Minus
1369 2659 1494 2705 placet
1526 2658 1682 2694 Iacobsii
1713 2660 1775 2694 ςὸς

235 2721 276 2756 δ
299 2721 335 2755 ἐξ
375 2720 521 2755 ὠδῖνος.
568 2718 692 2754 Possis
724 2729 871 2764 quoque
896 2719 959 2753 ςὸς
984 2719 1023 2753 δ
1046 2718 1197 2762 ἐξόχως.
1241 2718 1271 2753 Ο
1297 2717 1336 2752 et
1358 2716 1387 2751 Ω
1412 2727 1435 2751 a
1464 2715 1619 2750 librario
1645 2726 1776 2761 perpe-

236 2778 301 2811 tuo
327 2775 611 2812 confunduntur.
662 2775 722 2811 Sic
746 2787 859 2822 supra
884 2774 972 2809 Cod.
997 2774 1083 2810 Vat.
1103 2774 1220 2809 habet
1246 2774 1500 2810 Ἀπώλλονος.
1534 2771 1622 2807 Mox
1644 2771 1775 2807 Iacob-

238 2833 313 2868 sius
339 2833 486 2869 scribit:
528 2834 573 2868 τὸ
598 2834 732 2868 ποδῶν
762 2835 831 2868 τοῦ
858 2833 1061 2876 Ἡφαίςτου
1086 2831 1213 2866 εἰκόνι.
1251 2829 1437 2875 Corrupta
1460 2829 1573 2865 lectio
1600 2827 1776 2863 editionis

237 2890 334 2926 Med.
360 2890 451 2925 fecit
474 2890 517 2925 ut
540 2901 564 2925 a
586 2900 675 2925 vero
707 2889 911 2925 aberraret.

290 2971 426 2997 Fnon'r,
448 2972 494 2994 ΕΤ
512 2971 651 2995 AUBEL.
669 2970 790 2995 nms'r.
1452 2943 1504 2985 16
