1968 3158
485 192 550 228 ΑΙ)
576 192 623 227 Μ.
649 189 943 227 ANTONINUM
968 190 1032 226 DE
1057 188 1379 233 ELOQUENTIA.
1623 191 1703 233 153

503 330 585 374 lv.
647 328 890 374 Antonino
920 327 1140 385 Augusto
1175 329 1372 373 Fronto.

281 422 491 478 Pleraque
521 422 565 464 in
597 422 790 465 oratione
820 421 982 464 recenti
1013 423 1110 476 tua,
1144 422 1263 477 quod,
1287 421 1340 463 ad
1371 421 1610 463 sententias
1641 422 1702 462 at-

168 492 302 546 tinet,
335 491 629 533 animadverto
667 490 844 546 egregia
881 504 994 544 esse3
1034 504 1171 545 pauca
1202 490 1429 532 admodum
1459 504 1546 531 uno
1576 491 1702 531 tenus

167 560 296 602 verbo
328 559 601 615 corrigenda3
631 557 830 600 nonnihil
860 557 1077 600 interdum
1100 557 1339 600 elocutione
1361 557 1530 599 novella
1550 572 1703 613 parum

168 629 403 685 signatum.
465 627 582 678 Quae
614 626 766 670 melius
797 626 936 668 visum
967 628 1033 668 est
1062 625 1356 681 particulatim
1387 625 1595 668 scribere:
1642 625 1704 667 ita

169 697 284 739 enim
313 696 483 740 facilius
513 694 753 752 perpendes
784 693 977 749 singula,
1018 695 1062 735 et
1098 693 1203 735 satis
1242 693 1446 749 temporis
1486 694 1539 735 ad
1570 693 1703 748 inspi-

169 764 366 807 ciendiml
396 763 598 818 habebis,
631 765 680 805 ut
709 762 781 818 qui
811 762 1007 817 plurimis
1038 761 1225 818 negotiis
1267 764 1341 803 aut
1371 762 1550 817 agendis
1581 776 1703 805 oecu-

167 835 294 888 patus
326 832 384 874 sis
415 834 491 874 aut
521 831 628 874 actis
660 831 865 873 defessus.

279 900 422 957 Igitur
451 900 497 942 in
527 899 774 956 prohoemio
805 914 913 953 quae
944 899 1117 954 egregie
1140 901 1227 941 ate
1248 899 1363 941 dicta
1384 901 1545 954 putem,
1578 915 1704 955 quae-

167 983 249 1026 que
286 968 469 1011 arbitrer
509 968 788 1024 corrigenda,
835 966 987 1009 scribsi
1032 966 1126 1009 tibi.
1195 966 1465 1022 Scripturum
1503 968 1706 1023 deinceps

168 1052 246 1094 pro
277 1051 420 1079 amore
450 1037 496 1079 in
529 1036 615 1093 {¹te
646 1050 740 1078 meo
772 1035 937 1078 confide
970 1036 1125 1077 cetera.
1173 1035 1318 1078 Prima
1349 1050 1451 1090 ergo
1482 1051 1582 1091 pars
1614 1038 1705 1077 tota

169 1106 349 1148 mirifica
380 1107 466 1160 est,
505 1104 652 1147 multis
683 1106 727 1147 et
757 1103 961 1161 gravibus
992 1104 1223 1146 sententiis
1253 1103 1433 1158 referta,
1472 1103 1518 1145 in
1549 1104 1704 1159 quibus

170 1174 349 1218 eximiae
380 1175 483 1216 sunt
515 1207 524 1215 .
560 1206 568 1215 .
605 1206 614 1215 .
649 1206 658 1215 .
730 1171 775 1215 Si
805 1174 921 1215 reete
955 1204 965 1214 .
1001 1205 1010 1214 .
1046 1205 1055 1214 .
1088 1187 1171 1228 quo
1202 1186 1360 1228 genere
1393 1171 1500 1215 Cato
1533 1205 1542 1214 .
1578 1206 1586 1214 .
1621 1187 1705 1214 ser-

169 1245 234 1285 tes
267 1276 276 1284 .
311 1275 322 1284 .
360 1242 511 1298 primis
543 1275 552 1284 .
587 1275 596 1284 .
631 1275 640 1283 .
681 1243 723 1283 et
752 1240 834 1283 hoc
873 1254 1032 1297 genere
1066 1274 1074 1282 .
1110 1274 1119 1283 .
1159 1240 1404 1282 moderatae
1436 1243 1480 1283 et
1513 1274 1522 1283 .
1558 1275 1566 1282 .
1598 1255 1704 1282 non—

170 1310 288 1353 nullo
321 1343 331 1352 .
367 1343 375 1351 .
409 1325 514 1352 esse.
556 1309 603 1352 Si
634 1324 762 1365 parce
790 1311 838 1351 et
866 1324 962 1351 cum
993 1308 1208 1365 dignitate
1241 1342 1250 1350 .
1287 1342 1295 1350 .
1332 1342 1340 1350 .
1383 1308 1522 1350 Multo
1553 1309 1705 1350 deinde

169 1379 342 1435 gravior
372 1380 416 1420 et
445 1378 631 1420 severior
661 1377 890 1420 subiuncta
923 1411 932 1419 .
969 1411 977 1420 .
1012 1411 1021 1420 .
1057 1411 1066 1419 .
1128 1376 1173 1420 Si
1203 1376 1313 1419 nihil
1348 1411 1356 1419 .
1386 1411 1394 1419 .
1422 1411 1430 1419 .
1463 1377 1587 1419 nobis
1618 1376 1706 1432 opi-

169 1447 312 1490 nionis
345 1480 354 1489 .
390 1480 399 1489 .
435 1480 444 1488 .
480 1480 489 1489 .
525 1480 534 1488 .
570 1480 579 1488 .
614 1457 670 1489 ..⁴
705 1479 891 1489 .....
927 1445 981 1501 12.
1021 1479 1030 1488 .
1092 1445 1336 1501 Tralatum‚
1376 1447 1469 1487 tum
1507 1479 1516 1487 .
1552 1478 1561 1487 .
1597 1478 1606 1487 .
1639 1460 1706 1486 res

131 1569 134 1573 ᾗ
169 1515 233 1557 ita
261 1513 546 1573 impule[rint]
582 1548 591 1557 .
626 1548 635 1556 .
672 1548 681 1557 .
713 1515 875 1558 vincas.
935 1514 1083 1556 Inesse
1116 1547 1124 1555 .
1161 1547 1169 1555 .
1202 1514 1323 1556 muni
1362 1547 1370 1555 .
1412 1547 1420 1555 .
1453 1515 1497 1555 te
1530 1547 1538 1555 .
1575 1547 1583 1555 .
1616 1527 1707 1555 ver-

171 1598 266 1625 sum
296 1598 318 1625 e
351 1616 360 1624 .
396 1617 404 1625 .
437 1584 523 1625 ent.
583 1582 783 1625 Alterum
812 1582 1054 1638 proprium,
1104 1596 1264 1636 comes3
1311 1581 1494 1624 alterum
1523 1581 1706 1623 transla-

171 1653 277 1705 tum,
310 1651 465 1706 opifex.
506 1650 655 1706 Neque
686 1650 774 1692 ulla
803 1650 944 1692 verbis
974 1650 1069 1692 istis
1099 1650 1214 1692 inter
1244 1665 1289 1692 se
1321 1649 1562 1692 communio
1593 1649 1708 1691 inest

171 1709 309 1775 neque
346 1719 660 1775 propinquitas.
723 1718 915 1762 Offendit
950 1718 1086 1774 igitur
1125 1733 1248 1760 aures
1285 1718 1495 1774 ingruens
1534 1717 1707 1759 diversi-

171 1787 267 1830 tas3
317 1789 396 1829 nat
435 1820 444 1829 .
480 1820 489 1829 .
525 1820 534 1829 .
575 1802 724 1843 sapere
765 1821 773 1829 .
809 1820 817 1829 .
859 1787 999 1829 tissim
1038 1820 1047 1828 .
1091 1819 1099 1827 .
1175 1785 1430 1828 Sallustius⁴¹
1470 1819 1479 1827 .
1515 1819 1523 1827 .
1564 1790 1708 1838 quique

172 1869 309 1907 manu,
344 1863 491 1907 ventre,
522 1869 626 1908 pene
656 1859 760 1898 bona
788 1859 928 1907 patria
960 1859 1227 1897 laceraverat.

286 1923 418 1966 Vides
455 1926 666 1979 quantum
704 1923 983 1966 similitudine
1020 1923 1246 1966 verborum
1280 1922 1444 1964 formae
1482 1921 1708 1964 adsecutus

174 1993 244 2047 sit,
276 1993 326 2034 ut
357 1992 531 2034 verbum
560 1994 844 2048 postremum,
879 2006 1137 2047 quamquam
1167 2006 1319 2046 parum
1349 1990 1573 2046 pudicum,
1619 2005 1708 2032 non

172 2060 420 2103 indecorum
451 2074 542 2102 esse
571 2060 787 2102 videatur:
819 2059 914 2102 ideo
945 2059 1129 2113 scilicet,
1163 2059 1275 2115 quod
1309 2092 1317 2100 .
1354 2093 1363 2101 .
1390 2059 1522 2101 verba
1552 2059 1710 2101 similia

173 2129 446 2185 praecedant.
482 2127 601 2178 Quod
619 2128 654 2170 si
671 2128 733 2170 ita
748 2127 855 2186 haec
875 2127 1006 2170 verba
1024 2129 1174 2170 contra
1191 2127 1388 2170 dixisset:
1419 2126 1576 2182 quique
1599 2142 1709 2182 pene

172 2196 288 2240 bona
324 2196 468 2252 patria
497 2196 782 2251 laceraverat,
824 2195 988 2238 indita5
1020 2195 1263 2238 obscenitas
1302 2195 1444 2238 verbis
1482 2197 1710 2250 appareret

221 2298 231 2308 .
271 2267 361 2308 trat
401 2298 410 2307 .
446 2298 454 2307 .
496 2264 556 2307 eis
597 2298 606 2307 .
642 2298 651 2307 .
694 2263 875 2322 [ventre]
916 2279 1049 2306 manu
1086 2278 1242 2306 venere
1253 2264 1281 2306 ⁶.
1349 2263 1419 2305 Ad
1460 2297 1468 2306 .
1511 2296 1520 2305 .
1562 2278 1709 2317 aures3

292 2405 308 2434 1
333 2399 468 2445 Incipit
493 2398 581 2435 Cod.
608 2412 643 2446 p.
671 2403 748 2439 375,
775 2400 877 2435 ouius
902 2399 1005 2435 nulla
1027 2398 1188 2444 vestigia
1211 2399 1322 2435 hodie
1348 2400 1556 2444 supersunt.

289 2460 310 2491 2
334 2455 470 2501 Incipit
493 2455 581 2492 Cod.
608 2468 644 2502 p.
670 2459 754 2499 384,
780 2455 881 2491 cuius
904 2456 1048 2492 incerta
1071 2456 1157 2491 sunt
1180 2454 1350 2501 vestigia.

289 2517 310 2548 3
333 2511 569 2547 Heindorfius
593 2512 742 2566 supplet
762 2515 908 2556 for.mae

288 2572 310 2603 4
336 2566 481 2603 Catilin.
509 2579 538 2602 c.
569 2571 621 2603 14.

289 2628 310 2659 ὅ
336 2623 476 2659 Codex:
502 2627 643 2660 inedita.
692 2623 731 2659 C.
757 2624 797 2659 F.
828 2624 884 2660 W.
910 2625 1087 2660 Mullerus
1112 2625 1151 2660 in
1175 2625 1308 2660 Annal
1336 2620 1566 2666 Fleckeiseni
1591 2623 1709 2660 XCIII

119 2715 126 2721 ,
176 2693 212 2726 p.
237 2683 305 2716 490
328 2681 472 2716 mavult
502 2684 614 2716 insita.
663 2680 721 2716 F.:
750 2684 903 2725 foeditas
933 2684 1098 2717 obscenae
1123 2685 1213 2717 vocis
1237 2683 1711 2726 apparerec.Buttma11nus

175 2736 407 2772 Ecksteinius
443 2736 660 2773 dubitanter
691 2736 841 2773 coniicit
870 2741 1036 2774 inaudita.
1084 2737 1186 2772 Idem
1217 2737 1255 2772 in
1284 2736 1538 2784 superioribus
1563 2738 1712 2783 supplet

178 2797 269 2839 quod
289 2793 329 2828 id
351 2797 454 2829 verba
477 2807 506 2830 s.
532 2808 567 2839 p.

289 2854 310 2886 6
336 2850 424 2886 Cod.
456 2850 604 2886 videtur
634 2851 773 2886 habere
810 2854 935 2887 venire.
985 2853 1111 2886 Maius.
1167 2851 1285 2886 Immo
1319 2859 1455 2894 ventre,
1492 2863 1579 2887 nam
1611 2852 1712 2897 quod

176 2906 296 2953 primo
320 2907 402 2943 loco
427 2914 544 2943 venere
568 2906 694 2953 posuit
716 2907 854 2952 Maius,
878 2908 1019 2943 temere
1045 2907 1173 2943 fecisse
1199 2907 1355 2944 videtur.
