1968 3158
311 151 392 192 212<
639 150 683 184 M.
711 149 936 184 CORNELII
966 148 1242 185 FRONTONIS
1272 150 1505 196 EPISTULA

311 265 487 305 dria-noa
540 262 765 317 imperium
818 262 1041 317 optinente
1090 265 1299 318 quantum
1341 264 1525 306 militum
1561 280 1587 307 a
1623 266 1830 320 Iudaeis¹,

309 332 517 385 quantum
548 330 601 372 ab
632 329 856 372 Britannis
892 330 1117 372 caesum2?
1164 330 1302 373 'Patre
1332 331 1462 373 etiam
1497 333 1666 375 vestrob
1702 334 1832 389 impe-

310 399 432 440 rante
462 397 534 454 qui
565 398 755 440 omnium
784 398 1028 454 principum
1065 431 1829 444 ..................

312 497 671 508 .........
688 466 719 518 {3
753 499 760 507 .
796 499 804 507 .
840 499 848 508 .
911 465 955 508 Si
997 466 1140 508 Marso
1183 466 1278 522 quis
1317 469 1439 522 patre
1482 469 1610 510 natus
1647 469 1830 523 viperas,

310 534 490 575 lacertas
522 535 565 576 et
593 533 806 576 natrices⁴
835 534 1035 589 timeret,-
1052 549 1195 577 nonne
1217 534 1478 590 degenerare
1500 535 1743 578 videretur?
1776 568 1785 578 .
1819 568 1830 578 .

312 634 810 644 ............
823 603 856 655 15
889 635 898 644 .
934 635 942 644 .
978 635 986 644 .
1023 635 1032 644 .
1068 635 1076 644 .
1113 612 1147 644 ‚⁰
1185 602 1378 657 pauculis
1425 602 1573 645 diebus
1617 603 1663 645 in
1701 602 1831 666 fascis

308 671 519 724 tenentur,
551 670 615 711 illi
644 669 690 712 in
719 670 876 725 pannis
910 703 918 712 .
954 670 990 712 .⁶
1021 671 1122 712 sunt
1151 680 1320 712 omnem
1351 671 1548 712 aetatem.

421 737 572 793 Itaque
601 737 738 780 bonus
769 738 840 780 ille
870 738 1103 794 imperator
1136 771 1144 780 .
1180 771 1189 780 .
1224 771 1233 779 .
1266 739 1411 780 venire
1442 739 1633 794 captivos
1657 738 1833 782 iubebat

402 838 411 847 .
449 805 537 847 sint
565 805 766 861 ingratiis
804 802 914 861 quid*
935 820 1037 862 ego,
1077 806 1232 862 quippe
1271 806 1337 848 cui
1370 839 1379 848 .
1414 839 1422 848 .
1455 806 1522 848 sin
1555 839 1564 848 .
1599 839 1608 848 .
1643 839 1652 847 .
1688 839 1697 848 .
1729 821 1833 848 num

310 888 388 915 me.
422 872 616 915 Piscibus
637 873 679 916 in
705 873 848 915 caudis
870 873 958 916 est⁷
983 907 1143 916 ......
1149 907 1160 928 ,
1194 873 1342 916 avibus
1362 874 1408 916 in
1428 873 1588 929 pinnis,
1621 873 1832 929 anguibus

311 941 507 998 serpendi
537 941 579 983 vi
590 941 607 967 ‘¹
633 974 642 983 .
678 974 686 983 .
722 974 732 984 .
764 941 875 997 quod
905 941 999 996 quis
1023 973 1829 984 ...................

313 1042 498 1052 .....
531 1008 1347 1064 -18
1414 1007 1472 1050 Et
1521 1008 1700 1064 gloriam
1748 1008 1831 1051 Ro-

309 1077 424 1119 mani
465 1077 651 1119 nominis
688 1077 1011 1132 restituendam,
1058 1079 1101 1119 et
1141 1077 1318 1119 insidias
1355 1075 1608 1131 fraudesque
1645 1076 1832 1118 hostium

291 1156 320 1187 '.
357 1178 365 1187 .
401 1179 409 1187 .
442 1160 548 1201 quae
599 1147 844 1201 comparata
883 1179 892 1187 .
928 1179 936 1187 .
976 1145 1160 1187 vendere
1203 1144 1362 1201 nugaci
1401 1177 1410 1187 .
1446 1178 1455 1186 .
1490 1144 1683 1186 consulta
1731 1146 1833 1186 sunt

308 1215 397 1256 tam
419 1238 438 1255 ·.
474 1247 483 1256 .
517 1228 595 1256 con
637 1247 645 1256 .
681 1246 690 1255 .
721 1213 812 1255 iure
850 1213 1084 1268 meritoque
1117 1247 1125 1255 .
1162 1246 1170 1255 .
1203 1227 1341 1268 neque
1381 1245 1390 1254 .
1426 1245 1434 1254 .
1469 1214 1622 1254 vocent
1658 1214 1832 1267 paratos

308 1281 521 1338 progredi,
553 1296 786 1335 remanere,
818 1296 958 1336 porro,
990 1283 1117 1335 retro,
1156 1280 1242 1335 ilic,
1283 1285 1383 1323 istic.
1399 1279 1431 1336 19
1490 1280 1831 1335 Haudquaquam

309 1349 411 1391 utile
442 1351 507 1391 est
535 1349 699 1392 homini
729 1350 832 1391 nato
853 1364 920 1391 res
941 1350 1165 1405 prosperas
1186 1350 1391 1403 perpetuo
1413 1347 1601 1389 evenire:
1631 1346 1830 1389 fortunae

310 1417 450 1459 variae
480 1417 619 1473 magis
650 1419 805 1458 tutae0.
859 1420 931 1459 Est
950 1420 1135 1469 exemplo
1165 1420 1402 1469 Polycrates
1430 1418 1660 1457 Samiorum
1690 1422 1827 1468 tyran-

309 1500 382 1527 nus
419 1489 646 1537 inqenlibus
675 1484 933 1537 praeditus¹0
971 1484 1122 1538 opibus
1153 1485 1196 1525 et
1226 1474 1416 1525 oninium
1447 1496 1735 1538 quaecumque
1766 1481 1831 1524 in-

419 1621 442 1645 a
466 1613 510 1644 In
533 1613 699 1654 maryine:
724 1609 779 1644 De
803 1607 1004 1643 Hadriano.

419 1667 443 1701 b
467 1669 513 1701 In
536 1669 702 1710 margine:
727 1664 912 1700 Antonino
937 1664 1015 1700 Pio.

420 1733 439 1758 c
463 1725 507 1758 In
531 1725 696 1767 margine:
721 1721 776 1756 De
801 1721 1024 1756 Parthorum
1047 1720 1137 1756 belli
1160 1731 1273 1756 more.

421 1779 445 1814 d
469 1782 514 1814 In
538 1782 703 1824 margine:
731 1806 738 1813 .
758 1805 764 1812 .
782 1777 795 1811 i
810 1777 974 1823 piscibus
990 1798 1034 1802 —
1051 1777 1191 1820 avibus,
1211 1780 1245 1811 in
1257 1775 1377 1822 pinnis
1395 1776 1579 1822 anguibus
1595 1775 1766 1822 serpendi
1781 1776 1826 1812 vi.

419 1848 438 1871 e
463 1839 507 1871 In
532 1839 698 1880 mar-gine:
729 1834 1028 1878 Haudquaquam
1051 1833 1141 1873 utile
1166 1832 1307 1869 homini
1330 1853 1373 1858 —-
1398 1833 1513 1871 tutae.

420 1954 436 1984 1
462 1950 518 1984 De
535 1950 605 1984 hac
618 1948 722 1983 clade
739 1948 787 1983 ab
804 1947 950 1982 Iudaeis
965 1947 1071 1982 illata
1084 1947 1154 1982 Dio
1162 1947 1286 1982 LXIX.
1298 1950 1362 1989 14.,
1381 1946 1674 1982 ZonarasXI.23.
1702 1949 1828 1981 Maius.

418 2011 437 2040 2
463 2007 597 2050 Ignota
622 2005 702 2040 erat
725 2005 819 2039 haec
842 2003 1057 2039 Britannica
1088 2003 1226 2047 clades,
1262 2002 1334 2038 nisi
1364 2002 1465 2046 quod
1496 2001 1619 2047 Spart.
1646 2002 1684 2037 in
1713 2002 1827 2038 Hadr.

308 2075 336 2097 c.
363 2066 383 2097 5
408 2062 462 2097 ait
485 2061 683 2096 Britannos
708 2060 828 2096 teneri
853 2070 896 2095 eo
921 2061 1090 2105 tempore
1115 2060 1183 2095 sub
1208 2070 1365 2095 romana
1388 2058 1528 2094 ditione
1552 2070 1627 2094 non
1650 2058 1825 2104 potuisse.

307 2122 432 2155 Maias.

418 2179 438 2211 3
463 2173 636 2218 Sequitur
661 2173 748 2209 Cod.
775 2185 811 2219 p.
838 2177 903 2209 235
936 2184 1018 2208 cum
1042 2172 1150 2207 unica
1174 2171 1359 2207 sententia
1381 2171 1420 2206 in
1443 2170 1622 2216 margine.

417 2235 439 2266 4
462 2230 582 2266 Maius
607 2230 750 2266 confert
775 2229 940 2265 Solinum
965 2241 994 2264 c.
1021 2233 1052 2264 2.

418 2293 438 2324 5
462 2287 556 2322 Hinc
581 2287 675 2322 duae
700 2286 861 2332 paginae
885 2285 924 2320 in
949 2285 1083 2320 Codice
1109 2285 1253 2319 desunt.
1288 2283 1463 2329 Sequitur
1486 2296 1522 2329 p.
1541 2287 1606 2319 231
1633 2295 1728 2328 quac
1752 2284 1829 2329 legi

272 2384 274 2387 y
306 2344 443 2390 nequit.
492 2343 626 2389 Incipit
648 2355 683 2388 p.
711 2347 793 2386 232⁷
817 2342 860 2385 in,
881 2353 954 2386 qua
976 2353 1097 2387 pauca
1119 2341 1196 2386 legi
1216 2341 1383 2386 possunt.

418 2406 438 2436 6
462 2400 603 2435 Desunt
627 2399 722 2435 duae
746 2398 904 2434 litterae.
953 2399 1011 2433 An
1035 2399 1189 2444 degunt?

418 2461 437 2493 7
463 2456 534 2492 Sex
556 2456 634 2492 fere
658 2456 805 2491 litterae
829 2454 1030 2500 perierunt.

417 2518 438 2550 8
462 2513 596 2559 Incipit
620 2512 709 2548 Ood.
734 2524 770 2557 p.
797 2515 874 2555 228,
898 2512 1022 2547 lacera
1047 2512 1084 2546 et
1109 2511 1276 2546 obscura.

418 2575 438 2606 9
462 2569 597 2615 Incipit
628 2568 716 2604 Cod.
747 2580 782 2614 p.
808 2572 892 2612 227,
924 2568 1098 2611 obscura3
1134 2578 1256 2612 pauca
1286 2566 1372 2602 sunt
1396 2576 1491 2611 quae
1516 2565 1674 2602 conferri
1697 2566 1826 2612 potue—

305 2628 400 2662 runt.
449 2626 638 2662 Interdum
664 2624 794 2660 dubito
820 2620 866 2660 de
890 2624 962 2659 fide
987 2625 1025 2659 et
1048 2623 1184 2669 peritia
1206 2622 1304 2658 Maii.

398 2687 438 2718 10
462 2683 504 2717 In
532 2682 603 2717 hac
632 2682 772 2727 pagina
807 2681 1065 2727 supplementa
1099 2680 1188 2715 Maii
1223 2678 1466 2725 expressimus
1499 2677 1634 2714 litteris
1672 2678 1821 2714 Italicis.

306 2739 555 2774 Heindorfius:
595 2742 643 2774 Et
673 2741 791 2784 opibus
821 2745 854 2773 et
884 2741 1023 2773 omnium
1047 2750 1270 2783 quaecumque
1300 2739 1508 2775 intenderat,
1541 2738 1613 2770 sine
1636 2739 1823 2780 offensione

306 2796 518 2839 Polycrates
546 2799 673 2839 potitus
704 2797 786 2830 nihil
806 2798 840 2829 in
865 2801 978 2830 aetate
1003 2814 1045 2820 -
1070 2807 1144 2830 esse
1169 2796 1301 2832 dicitur.
1350 2791 1423 2828 Sed
1453 2802 1527 2828 non
1559 2791 1649 2827 satis
1679 2791 1822 2828 constat

307 2851 370 2892 ubi
398 2851 435 2885 in
461 2851 593 2887 Codice
624 2851 734 2888 fuerit
757 2851 896 2886 lacuna.
1407 2850 1410 2852 ’
