1968 3158
501 192 567 233 AD
592 194 640 234 M.
662 195 919 233 CAESAREM
944 196 1006 234 ΕΤ
1033 195 1236 233 INVICEM
1261 194 1404 232 LlBER
1428 193 1471 232 V.
1705 195 1759 239 823

504 359 688 403 XXIV.
720 358 797 402 39.
844 358 1078 414 Magistro
1109 358 1211 402 Meo
1243 356 1479 402 Salutem.

330 449 583 493 Vindemias
614 451 775 493 laetas¹
808 465 936 507 quam
966 450 1211 492 firmissimo
1243 464 1419 506 corpore
1452 464 1580 506 agere
1610 451 1668 504 te,
1702 449 1761 491 mi

215 519 438 575 magister,
483 522 598 575 opto.
649 518 720 561 Me
752 519 955 561 adlevant
989 519 1133 560 nuntii
1164 519 1215 561 de
1246 517 1491 561 Domnula²
1522 533 1617 560 mea
1649 533 1760 560 com-

215 587 407 630 modiora
452 587 542 630 deis
594 587 843 630 iuvantibus
870 587 1152 629 indicantes.
1210 586 1319 629 Vale
1351 587 1410 629 mi
1456 586 1761 630 iucundissime

215 657 438 712 magister.

654 769 810 813 XXV.
841 769 918 812 40.
963 768 1168 813 Domino
1198 769 1315 814 Meo.

329 859 382 903 In
413 860 550 904 hortis
588 860 827 903 vindemias
867 863 970 917 agot
1011 861 1229 903 commode
1267 861 1408 903 valeo:
1448 875 1576 918 aegre
1612 864 1759 905 tamen
1831 884 1833 890 .

216 929 400 971 insisto3
429 929 572 971 dolore
604 929 839 986 digitorum
867 930 915 971 in
947 929 1122 971 sinistro
1143 929 1264 985 pede.
1297 929 1381 971 Pro
1402 928 1610 973 Faustina
1632 946 1759 973 mane

217 997 372 1040 cotidie
403 997 503 1040 deos
535 997 726 1054 appello:
766 998 854 1040 scio
893 998 1009 1040 enim
1046 1013 1114 1040 me
1145 1013 1223 1054 pro
1253 1000 1329 1040 tua
1359 998 1498 1040 salute
1529 1002 1678 1055 optare
1710 1015 1760 1042 ac

215 1066 426 1121 praecari.
488 1065 596 1109 Vale
627 1066 812 1109 Domine
843 1066 1100 1109 dulcissime.
1161 1066 1394 1109 Dominam
1425 1067 1577 1110 saluta.

634 1180 817 1224 XXVI.
849 1180 926 1224 41.
970 1181 1203 1236 Magistro
1234 1181 1351 1225 Meo.

330 1272 426 1328 Ego
457 1272 561 1314 adeo
591 1272 842 1328 perscripsi,
885 1274 954 1315 et⁴¹
990 1273 1115 1315 mitte
1152 1273 1268 1315 aliud
1298 1273 1411 1329 quod
1441 1273 1646 1329 scribam3
1686 1275 1760 1317 sed

216 1340 417 1383 librarius
454 1355 574 1383 meus
612 1356 701 1383 non
745 1343 919 1397 praesto
961 1342 1047 1384 fuit
1077 1342 1167 1398 'qui
1211 1342 1533 1384 transcriberet.
1597 1342 1760 1399 Scripsi

217 1411 361 1451 autem
390 1423 479 1451 non
511 1424 562 1451 ex
599 1425 695 1452 mea
734 1410 973 1466 sententia,
1019 1425 1122 1452 nam
1160 1412 1203 1452 et
1239 1411 1445 1453 festinavi
1483 1413 1527 1453 et
1563 1413 1639 1453 tua
1675 1412 1760 1454 ista

216 1477 415 1520 valetudo
452 1478 676 1534 aliquantu
690 1470 825 1535 [⁵lum
862 1478 1038 1521 detrivit
1073 1478 1192 1531 mihi.
1246 1478 1329 1522 Sed
1359 1479 1531 1522 veniam
1563 1495 1656 1522 cras
1687 1495 1758 1536 pe-

216 1548 320 1602 tam,
363 1561 459 1588 011111
501 1547 686 1589 mittam.
747 1546 856 1589 Vale
901 1547 961 1589 mi
999 1546 1243 1590 dulcissime
1289 1548 1510 1604 magister.
1571 1548 1759 1591 Domina

216 1629 313 1656 mea
342 1616 482 1657 mater
512 1615 695 1657 salutem
723 1615 804 1657 tibi
836 1615 953 1657 dicit.
1015 1614 1185 1658 Nomen
1215 1616 1380 1658 tribuni
1410 1617 1561 1672 plebis,
1597 1617 1664 1659 cui
1694 1617 1759 1659 in-

216 1683 362 1738 posuit
391 1684 566 1725 notam⁶
597 1683 762 1726 Acilius
795 1676 959 1739 censor,
992 1697 1119 1740 quem
1149 1685 1315 1741 scripsi,
1347 1685 1472 1727 mitte
1502 1685 1621 1728 1111111.

623 1797 834 1841 XXVII.
866 1798 941 1841 42.
988 1798 1193 1842 Domino
1223 1798 1340 1842 Meo.

331 1888 514 1931 Tardius
557 1889 651 1944 tibi,
699 1888 897 1944 Domine,
938 1890 1147 1944 rescrib03
1194 1889 1358 1931 tardius
1405 1891 1521 1932 enim
1558 1890 1758 1933 libellum

161 1991 163 1993 ν
217 1959 340 1998 11111111
381 1958 544 2012 aperui,
596 1957 799 2012 quoniam
844 1958 898 1999 ad
943 1957 1159 2013 agendum
1204 1958 1257 1999 ad
1300 1958 1442 2000 forum
1471 1959 1601 2010 ibam.
1662 1959 1758 2016 Ego

219 2025 479 2067 commodius
510 2040 578 2067 1110
609 2025 765 2081 habeo3
804 2028 953 2068 tamen
991 2025 1286 2068 ulcusculuma
1333 2026 1471 2070 adhuc
1510 2028 1638 2071 altius
1677 2031 1754 2071 est.

218 2093 327 2136 Vale
358 2093 544 2136 Domine
575 2094 832 2137 dulcissime.
894 2094 1125 2137 Dominam
1156 2095 1309 2137 saluta.

331 2162 389 2204 M.
421 2162 611 2204 Lucilius
641 2152 842 2205 tribunus
871 2163 960 2219 pl.⁷
992 2163 1211 2205 hominem
1242 2164 1423 2206 liberum
1456 2166 1590 2208 civem
1621 2181 1757 2208 roma-

216 2245 336 2286 num,
371 2245 468 2274 cum
499 2231 688 2287 collegae
709 2232 826 2274 mitti
856 2232 1070 2288 iuberent,
1104 2233 1306 2275 adversus
1328 2248 1474 2275 eorum
1496 2235 1758 2276 sententiam

331 2355 354 2380 a
378 2347 422 2379 In
446 2349 614 2390 margine:
640 2345 698 2380 Ab
724 2345 826 2380 ulcus
851 2345 1088 2381 ulcusculum.

334 2473 349 2503 1
377 2468 517 2504 Codex:
543 2474 728 2516 laetasque.

332 2530 353 2560 ‘2
378 2525 436 2560 Ita
461 2525 653 2562 evidenter
677 2527 822 2567 Codex„

332 2587 353 2618 3
378 2582 502 2618 Codex
526 2595 581 2628 pr.
608 2595 656 2618 m.
681 2587 824 2619 inisisto.

331 2643 354 2673 4
379 2638 520 2674 Codex:
547 2647 592 2674 ut.
643 2639 800 2675 Orellius
826 2648 859 2675 tu
884 2644 986 2676 mille.

332 2699 352 2730 5
378 2695 512 2741 Incipit
537 2695 624 2732 cod.
651 2695 735 2731 vat.
762 2708 797 2742 p.
817 2701 871 2733 80.

332 2755 352 2787 6
378 2751 519 2787 Codex:
547 2761 622 2788 cam.
673 2751 843 2788 Correxit
866 2754 995 2789 Maius.

260 2837 263 2840 .
333 2813 351 2844 ‘1
376 2810 484 2844 Anno
501 2809 629 2844 DCLX
654 2810 710 2845 vel
729 2809 874 2845 DCLXl
899 2811 1000 2856 apud
1023 2810 1207 2856 Pighium,
1233 2810 1297 2855 qui
1321 2812 1447 2847 tamen
1472 2811 1545 2847 alia
1563 2823 1757 2850 censorum

218 2864 352 2900 recitat
376 2865 537 2901 nomina.
599 2866 730 2911 Itaque
756 2866 802 2902 de
827 2867 944 2902 Acilio
971 2878 1133 2912 censore,
1165 2867 1228 2913 qui
1252 2869 1379 2903 notam
1404 2868 1582 2914 imposuit
1605 2870 1759 2915 Lucilio,

220 2922 474 2967 quaerendum
498 2924 675 2968 superest.
727 2926 852 2959 Maius.

1424 2983 1482 3026 ὅ*
