1968 3158
286 167 370 209 220
627 165 675 199 M.
702 163 926 200 CORNELII
950 162 1225 199 FRONTONIS
1250 163 1482 200 EPISTULA

400 279 481 321 sed
512 277 724 319 somnium
752 277 865 318 filiae
885 264 1102 332 Polycrati
1131 276 1217 329 iam
1248 278 1348 319 ante
1377 277 1548 333 insigne
1577 278 1808 334 optigerat.

288 348 460 388 Patrem
497 360 619 387 suum
655 344 798 387 videre
838 344 919 386 sibi
958 344 1050 386 visa
1088 346 1181 386 erat
1217 346 1365 399 aperto
1399 346 1526 400 atque
1562 345 1675 388 edito
1718 345 1811 388 loco

287 415 511 456 sublimem
541 413 678 469 ungui
709 415 751 455 et
780 413 862 454 lavi
885 412 997 454 Iovis
1019 414 1062 454 et
1082 411 1190 455 Solis
1211 412 1422 454 manibus.
1473 412 1640 454 Harioli
1670 414 1811 455 autem

286 483 444 524 laetam
475 483 518 523 et
546 481 751 537 pinguem
780 480 998 522 fortunam
1027 480 1273 535 portendier
1303 480 1468 522 somnio
1496 480 1810 536 interpraetati.

289 550 370 592 Sed
410 564 535 591 omne
581 550 732 591 contra
777 548 932 590 evenit.
994 547 1105 589 Nam
1145 548 1345 603 deceptus
1390 548 1444 589 ab
1485 547 1641 590 Oroete
1684 547 1813 590 Perse
1870 554 1876 563 “

287 617 532 673 {Polycrates
570 618 803 672 captusque
839 616 886 658 in
925 630 1092 658 crucem
1130 615 1322 658 sublatus
1361 617 1437 658 est.
1498 615 1565 657 Ita
1604 615 1642 657 ei
1680 615 1812 658 eruci-

289 686 381 727 anti
411 685 625 727 somnium
655 683 930 742 expe[ditum.
992 683 1236 742 Manibus]¹
1268 687 1375 726 Iovis
1402 697 1492 726 eum
1516 688 1676 736 plueret
1699 688 1813 727 lava-

288 757 422 804 batur,
457 767 484 794 α
503 757 584 795 sole
604 757 871 804 unquebatur,
906 755 999 794 dum
1030 756 1115 804 ipse
1135 766 1157 794 e
1175 766 1349 804 corpore
1367 755 1570 794 humorem
1601 756 1811 795 emitteret.

289 821 427 862 Huius
468 819 669 878 [fabulae]
710 834 882 862 exorsus
916 853 924 862 .
961 853 969 862 .
1001 820 1107 862 bent
1139 853 1147 862 .
1184 853 1191 861 .
1224 819 1466 862 interdum²
1500 853 1508 863 .
1544 853 1553 862 .
1614 819 1714 862 Non
1750 821 1815 862 est

265 887 588 930 ⁴exsultandum
631 889 765 930 nimia
810 890 854 930 et
896 887 1062 930 diutina
1106 887 1410 943 prosperitate,
1454 888 1586 943 l3nec,
1634 887 1669 929 si
1714 887 1815 943 quid

289 957 425 998 malae
455 970 628 1012 pugnae
666 956 882 1010 acciderit,
922 955 1303 998 defetiscendum⁴¹t
1342 956 1415 997 sed
1444 955 1667 997 victoriam
1696 955 1815 997 brevi

290 1039 426 1080 spera.
488 1024 683 1080 Namque
715 1038 881 1079 semper
910 1024 956 1066 in
994 1024 1119 1066 rebus
1149 1023 1283 1079 gestis
1303 1023 1509 1066 Romanis
1541 1023 1712 1078 crebrae
1730 1023 1814 1066 for-

288 1094 491 1135 tunarum
522 1093 875 1135 commutationes
907 1092 1201 1134 exstiterunt5.

283 1154 286 1157 ¹
403 1160 506 1210 Quis
536 1161 599 1202 ita
629 1161 806 1216 ignarus
837 1162 902 1202 est
930 1160 1178 1202 bellicarum
1198 1160 1512 1214 memoriarum,
1545 1159 1618 1214 qui
1643 1159 1816 1215 ignoret

289 1228 494 1284 populum
524 1228 765 1270 Romanum
802 1242 890 1270 non
928 1229 1069 1270 minus
1101 1227 1288 1270 cadendo
1326 1242 1453 1283 quam
1490 1226 1704 1269 caedendo
1738 1226 1814 1268 im-

289 1296 455 1351 perium
485 1296 733 1352 peperisse?
766 1296 958 1351 legiones
988 1297 1155 1337 nostras
1186 1310 1312 1350 saepe
1343 1300 1470 1338 victas
1488 1297 1719 1350 captasque
1749 1309 1814 1336 ar-

289 1368 392 1406 tibus
422 1364 698 1406 barbarorum
729 1363 851 1406 esse?
909 1363 1108 1413 Quamvis
1143 1397 1150 1404 .
1186 1395 1194 1405 .
1231 1397 1238 1405 .
1274 1363 1314 1404 ‚⁶
1341 1365 1483 1404 truces
1519 1362 1634 1404 tauri
1672 1362 1814 1418 subigi

289 1432 507 1488 iungendo
539 1432 783 1487 domarique
813 1433 1009 1486 potuere:
1053 1445 1286 1486 praequam
1315 1431 1453 1472 nostri
1484 1430 1694 1472 exereitus
1723 1429 1813 1471 illi⁷

291 1500 369 1541 sub
399 1500 548 1555 iugum
577 1500 696 1542 missi
727 1501 846 1554 sunt3
878 1500 950 1541 sed
981 1499 1146 1541 eosdem
1175 1498 1284 1554 illos,
1324 1498 1397 1553 qui
1427 1498 1505 1539 sub
1540 1498 1689 1554 iugum
1720 1511 1814 1553 ege-

290 1570 410 1622 rant,
459 1567 587 1623 paulo
623 1570 721 1623 post
760 1570 859 1609 ante
899 1567 1161 1622 triumphum
1198 1566 1335 1608 nostri
1371 1580 1496 1622 egere
1543 1568 1586 1608 et
1625 1564 1815 1620 captivos

291 1636 369 1677 sub
402 1650 557 1678 corona
587 1636 827 1678 vendidere.
1522 1677 1525 1685 ,

307 1708 313 1711 χ
404 1703 508 1745 Post
559 1703 829 1746 Cannensem
882 1704 1043 1745 cladem
1096 1702 1263 1745 Poenus
1309 1694 1540 1757 imperator
1591 1700 1815 1743 anulorum

292 1786 529 1826 aureorum,
562 1786 665 1827 quos
689 1773 821 1824 caesis
853 1771 1118 1826 aequitibus3
1138 1770 1344 1812 Romanis
1366 1769 1499 1812 Poeni
1523 1770 1813 1823 detraxerant,

291 1843 378 1882 tres
408 1839 569 1881 modios
609 1839 842 1882 cumulatos
877 1840 994 1881 misit
1031 1838 1379 1895 Carthaginema.
1441 1837 1523 1881 Sed
1559 1852 1647 1879 non
1682 1835 1815 1878 multo

405 1976 427 1999 a
451 1967 495 1998 In
520 1968 689 2008 margine:
715 1964 806 1999 Tres
823 1964 966 2000 modios
984 1964 1177 1999 anulorum
1196 1962 1402 1998 cumulatos
1418 1961 1606 1998 Hannibal
1623 1972 1815 1997 caesorum

293 2021 457 2066 equitum
481 2021 735 2056 Romanorum
760 2021 851 2066 aput
875 2020 1170 2065 Thrasymenum
1195 2019 1458 2065 Carthaginem
1484 2017 1593 2054 misit.

724 2071 739 2084 ο
859 2068 871 2078 ·“

408 2138 424 2168 1
450 2134 544 2169 Hinc
574 2145 689 2177 usque
721 2134 767 2169 ad
797 2134 906 2168 finem
941 2132 1102 2178 paginae
1140 2133 1267 2167 decem
1304 2142 1428 2167 versus
1463 2131 1618 2176 periere.
1672 2131 1815 2167 Reiecit

292 2191 524 2227 Heindorfius
550 2190 807 2236 supplementa
827 2189 931 2233 Maii,
956 2190 998 2223 ut
1021 2187 1130 2223 nimis
1154 2188 1292 2233 inepta.
1333 2188 1464 2231 Itaque
1486 2186 1718 2232 ineptissima
1742 2186 1815 2222 sint

293 2259 442 2284 necesse
468 2248 536 2288 est,
563 2247 592 2281 si
617 2257 663 2282 ne
687 2241 825 2282 Fronto
851 2245 1000 2290 quidem
1025 2256 1068 2280 ea
1094 2244 1256 2280 scribere
1280 2243 1457 2289 potuerit.

406 2309 426 2339 2
452 2303 589 2349 Supple
613 2304 688 2339 fere
714 2315 825 2337 unum
849 2302 887 2336 in
911 2301 968 2336 his
991 2300 1132 2336 lacunis
1156 2311 1311 2336 versum.
1361 2303 1487 2335 Maius.

407 2366 427 2396 3
451 2359 585 2405 Incipit
610 2358 697 2395 Cod.
723 2371 758 2404 p.
786 2363 862 2403 221,
888 2358 1054 2393 obscura.
1078 2378 1079 2381 =

405 2421 426 2452 4
450 2417 509 2452 Ita
530 2416 660 2451 Maius.
709 2415 857 2450 Amicus
880 2413 988 2450 vidit:
1021 2418 1098 2450 dei.
1113 2417 1295 2450 tiseendum
1318 2413 1378 2449 vel
1402 2427 1442 2449 uc
1458 2441 1464 2449 .
1482 2441 1489 2449 .
1505 2416 1698 2449 tiseendum.

407 2477 427 2509 5
450 2473 509 2508 Ita
534 2472 668 2516 Codex,
694 2471 759 2507 sed
781 2471 999 2523 plerumque
1024 2470 1101 2506 sine
1125 2484 1161 2506 s:
1186 2474 1385 2507 extiterunt.

406 2533 426 2565 6
450 2529 618 2575 Legitur:
646 2527 819 2571 Quamvis
845 2557 851 2563 .
880 2557 885 2564 .
916 2557 922 2563 .
949 2526 1141 2563 IEACTCI
1167 2555 1174 2562 .
1200 2525 1369 2562 RUGES.
1418 2526 1539 2562 Possis
1564 2537 1668 2562 sane:
1695 2529 1799 2569 Quam

295 2591 341 2621 vix
362 2590 466 2630 facile
484 2592 560 2621 astu
577 2593 699 2620 truces.
743 2584 815 2619 Sed
831 2585 939 2630 plura
965 2583 1186 2629 corrigenda
1209 2583 1403 2619 remanent
1427 2584 1464 2618 et
1489 2583 1575 2617 sunt
1598 2583 1636 2617 in
1661 2594 1813 2628 sequen-

294 2644 392 2678 tibus
423 2654 517 2687 quae
547 2642 585 2678 in
611 2641 744 2677 Codice
775 2652 848 2676 non
879 2640 1037 2686 amplius
1060 2640 1136 2685 legi
1164 2640 1327 2686 possunt.
1374 2639 1498 2674 Veluti
1521 2639 1731 2684 suspectum
1757 2640 1814 2675 est

295 2700 383 2734 illud
410 2703 528 2737 nostri,
575 2697 824 2733 Heindorfius:
866 2699 1017 2740 Quamvis
1047 2697 1187 2732 viribus
1218 2697 1359 2732 feroces
1391 2699 1481 2732 tauri
1508 2698 1618 2741 subigi
1646 2699 1812 2741 iunyendo

296 2760 490 2801 domarique
514 2763 676 2800 potzcere‚·
700 2759 810 2790 nostri
832 2757 1005 2789 exereitus
1029 2754 1097 2789 cet.

408 2815 427 2846 7
452 2810 590 2846 Codex:
615 2814 679 2846 sili.

407 2870 431 2923 Q
450 2867 508 2901 Ita
533 2865 666 2902 Codex.
