1968 3158
462 212 527 251 AD
552 214 600 251 M.
628 213 886 252 CAESAREM
912 214 974 252 ET
1001 214 1203 252 INVICEM
1228 213 1372 252 LIBER
1398 214 1476 273 1111.
1699 216 1750 259 67

211 330 442 374 Praeterea
471 332 597 375 multi
628 331 727 374 libri
759 331 897 374 linitei
914 333 939 387 ¹,
973 333 1084 388 quod
1116 333 1168 375 ad
1194 347 1317 374 sacra
1339 332 1544 374 adtinetst.
1584 331 1752 374 Deinde

209 401 256 443 in
286 403 414 457 porta
448 416 544 443 cum
577 401 780 454 exin1us2,
813 401 875 443 ibi
906 402 1114 457 scriptum
1136 403 1229 443 erat
1259 401 1460 444 bifariam
1491 401 1573 443 sic:
1601 406 1753 454 flamen

209 469 346 513 sume³
378 478 614 512 samenlum.
676 469 845 526 Rogavi
877 469 1063 525 aliquem
1095 485 1145 511 ex
1185 470 1479 526 popularibus,
1513 469 1615 525 quid
1645 469 1753 511 illud

210 539 388 582 verbum
420 538 562 581 esset?
593 538 671 580 Ait
700 537 852 594 lingua
873 538 1051 580 hernica
1082 538 1328 594 pelliculam
1352 539 1403 581 de
1434 539 1590 593 hostia,
1623 553 1753 594 quam

209 608 255 650 in
296 608 462 664 apicem
501 607 650 649 suum⁴
701 606 859 649 flamen
906 621 1003 648 cum
1047 607 1093 648 in
1138 607 1288 649 urbem
1335 608 1525 649 introeat
1565 607 1750 662 inponit.

210 675 350 718 Multa
380 676 485 718 adeo
517 675 601 716 alia
631 674 858 718 didicimus
889 690 997 730 quae
1028 675 1234 718 vellemus
1266 677 1395 718 scire:
1436 691 1585 718 verum
1615 676 1659 718 id
1689 690 1752 718 so-

210 745 300 787 lum
330 747 396 787 est
432 743 543 800 quod
581 743 782 798 nolimus,
825 758 922 785 cum
951 746 1000 785 tu
1031 759 1056 785 a
1094 743 1219 786 nobis
1260 744 1382 786 abes:
1429 760 1478 787 ea
1509 744 1634 787 nobis
1666 760 1752 786 ma-

210 814 325 855 xima
345 811 606 855 'sollicitudo
643 814 721 854 est.
772 811 901 854 Nunc
945 814 993 854 tu
1030 814 1258 868 postquam
1293 813 1394 855 inde
1432 814 1651 869 profectus
1691 828 1750 868 es,

208 883 410 924 utrumne
440 882 486 923 in
518 880 740 923 Aureliam
772 882 853 923 an5
891 881 936 923 in
969 880 1251 936 Campaniam
1283 881 1446 923 abisti?
1482 882 1553 924 fac
1590 882 1753 924 scribas

209 950 337 992 mihi:
377 952 420 992 et
450 965 506 993 an
547 949 784 992 vindemias
823 949 1108 1005 inchoaveris,
1150 951 1193 991 et
1233 965 1288 992 an
1334 951 1387 992 ad
1426 950 1572 992 villam
1610 950 1753 992 multi—

208 1018 404 1060 tudinem
434 1018 641 1060 librorum
677 1018 850 1074 tuleris3
897 1020 940 1060 et
970 1017 1076 1060 illud
1117 1033 1284 1074 quoque
1323 1034 1379 1061 an
1417 1033 1486 1060 me
1517 1019 1752 1074 desideres3

211 1087 324 1143 quod
355 1101 436 1143 ego
460 1086 495 1143 {⁰
516 1087 647 1130 stulte
679 1088 847 1143 requiro
878 1087 1033 1143 quom⁷
1064 1089 1114 1128 tu
1144 1101 1222 1142 per
1244 1089 1288 1129 te
1318 1087 1440 1129 facis,
1474 1087 1601 1130 Nunc
1622 1090 1684 1143 tu,
1718 1088 1754 1129 si

210 1170 277 1198 me
314 1155 530 1198 desideras
563 1155 699 1211 adque
731 1156 767 1198 si
798 1171 866 1198 me
898 1170 1038 1210 amas,
1091 1155 1260 1197 litteras
1298 1156 1428 1198 tuas⁸
1473 1156 1528 1198 ad
1558 1171 1626 1198 me
1670 1157 1753 1198 fre-

210 1226 391 1280 quentes
412 1224 573 1279 mittes,
608 1225 719 1280 quod
749 1223 856 1266 mihi
877 1224 1084 1266 solacium
1108 1224 1245 1280 adque
1266 1224 1507 1266 fomentum
1539 1225 1607 1267 sit.
1640 1224 1754 1267 Nam

210 1292 358 1335 decem
388 1293 586 1348 partibus
615 1294 713 1334 tuas
743 1293 911 1336 litteras
941 1293 1086 1349 legere
1123 1293 1273 1335 malim
1303 1308 1432 1349 quam
1462 1308 1610 1336 omnes
1641 1293 1754 1335 Mar-

211 1361 320 1403 sicos
352 1362 428 1402 aut
457 1360 683 1403 Gauranos
713 1361 936 1417 palmites:
968 1377 1071 1403 nam
1103 1357 1277 1418 Signini
1308 1362 1479 1418 quidem
1510 1362 1583 1404 isti
1623 1363 1754 1405 nimis

210 1429 409 1472 rancidos
439 1444 631 1473 racemos
654 1431 709 1472 et.
725 1430 869 1472 acidos
891 1430 1038 1473 acinos
1069 1430 1254 1486 habent3
1278 1431 1398 1486 ‚quod
1426 1431 1575 1473 vinum
1605 1431 1754 1473 malim

210 1512 338 1554 quam
366 1500 556 1540 mustum
585 1499 746 1541 bibere.
788 1499 1019 1542 Praeterea
1049 1500 1155 1542 istas
1186 1499 1294 1541 ubas
1324 1499 1462 1541 multo
1494 1500 1754 1542 commodius

210 1581 360 1622 passas
391 1581 521 1622 quam
555 1567 737 1623 puberes
775 1568 1085 1611 manduc-areb:
1123 1583 1227 1610 nam
1263 1568 1457 1623 profecto
1494 1569 1643 1611 malim
1682 1584 1754 1611 eas

212 1636 392 1691 pedibus
439 1635 605 1678 calcare
650 1651 780 1692 quam
828 1637 1029 1679 dentibus
1078 1651 1278 1679 comesse.
1354 1636 1437 1679 Sed
1474 1639 1622 1680 tamen
1659 1652 1755 1694 pro·

211 1705 344 1760 pitiae
374 1705 654 1761 placataeque
684 1705 786 1760 sint,
833 1706 876 1747 et
912 1705 1018 1747 mihi
1057 1719 1135 1761 pro
1171 1705 1267 1747 istis
1298 1705 1557 1747 iocularibus
1594 1706 1754 1749 bonam

211 1773 382 1815 veniam
412 1773 548 1815 duint.
587 1772 695 1815 Vale
725 1773 831 1815 mihi
855 1773 989 1815 'homo
1020 1773 1291 1829 amicissime,
1325 1774 1589 1830 suavissime,
1623 1775 1753 1817 diser-

210 1841 390 1896 tissime,
422 1841 632 1897 magister
663 1841 921 1883 dulcissime.
960 1867 1018 1873 ——
1048 1840 1185 1891 Quom
1215 1841 1380 1884 videbis
1425 1843 1472 1884 in
1511 1842 1624 1885 dolio
1662 1859 1752 1885 mu-

213 1912 328 1951 stum
357 1909 546 1964 fervere,
593 1909 640 1951 in
678 1912 870 1952 mentem
900 1910 981 1952 tibi
1022 1910 1183 1965 veniat,
1231 1910 1338 1951 mihi
1382 1911 1443 1952 sic
1487 1911 1535 1952 in
1580 1913 1754 1966 pectore

212 1980 335 2019 tuum
366 1977 623 2020 desiderium
654 1980 818 2020 scatere
850 1981 894 2021 et
924 1979 1142 2021 abundare
1174 1981 1217 2020 et
1238 1993 1411 2035 spumas
1430 1979 1606 2022 facere.c
1638 1979 1753 2023 Sem-

212 2061 290 2102 per
318 2045 426 2088 vale.

1161 2148 1179 2161 ἢ

327 2195 350 2219 a
374 2186 418 2218 In
442 2186 611 2228 maryz‘ne:
638 2182 679 2224 In
704 2182 794 2219 alio:
822 2184 998 2230 pertinet.

326 2241 351 2275 b
377 2243 422 2276 In
445 2244 613 2286 margine:
641 2269 790 2277 .....
817 2253 945 2288 passas
969 2253 1060 2278 uvas
1085 2253 1198 2287 quam
1225 2270 1447 2278 .......
1466 2243 1705 2279 manducare.

328 2309 348 2333 c
372 2300 417 2333 ln
439 2301 607 2344 margine:
634 2296 754 2340 Quom
779 2299 922 2334 videbis
949 2319 992 2325 -—
1018 2299 1151 2334 facere.
1203 2299 1351 2343 (litteris
1378 2299 1569 2345 fugitivis.)

329 2439 347 2470 1
372 2436 431 2471 Ita
454 2433 591 2470 Codex.

328 2496 348 2527 2
374 2492 446 2527 Pro
471 2495 625 2527 exiimus.
677 2494 832 2530 Orellius.

329 2552 350 2583 3
376 2546 495 2594 Super
519 2548 690 2584 additum
713 2549 751 2583 in
777 2548 922 2585 Codice.

328 2609 350 2641 4
376 2604 465 2641 Cod.
496 2605 533 2640 in
563 2606 669 2640 textu
697 2619 816 2650 pacem
844 2619 956 2646 snum,·
997 2607 1077 2641 tum
1107 2606 1144 2641 in
1174 2607 1343 2652 margine
1376 2606 1506 2642 scribit
1536 2608 1754 2645 scholiastes

214 2663 297 2698 alibi
319 2666 354 2697 in
378 2668 525 2708 apicem,
562 2673 658 2707 quae
688 2662 795 2697 unice
825 2662 935 2698 lectio
968 2674 1056 2699 vera
1086 2664 1152 2698 est.
1209 2663 1262 2698 Of.
1288 2663 1395 2698 Dion.
1423 2664 1617 2701 HaLAnt.
1644 2667 1751 2702 Rom.

213 2720 241 2764 Ι,
258 2722 313 2755 80.
361 2722 522 2771 Maius..

328 2780 349 2811 5
372 2775 467 2811 Add.
495 2787 565 2812 sec.
592 2788 640 2811 m.

331 2836 352 2867 6
375 2833 510 2878 Incipit
534 2832 622 2868 Cod.
648 2831 733 2869 Vat.
760 2845 796 2879 p.
819 2837 893 2868 156.

331 2892 349 2924 7
377 2888 465 2925 cod.
490 2901 560 2925 sec.
586 2898 634 2925 m‘.
662 2894 763 2936 quod.

329 2949 350 2981 8
375 2946 470 2981 Add.
496 2957 566 2982 sec.
593 2959 640 2982 m.
