1968 3158
473 148 539 185 AD
564 146 862 185 ANTONINUM
886 148 982 184 lMP.
1009 148 1072 184 ΕΤ
1097 148 1303 185 INVICEM
1326 148 1471 185 LIBER,
1694 150 1770 192 101

385 310 484 354 III.
525 309 728 353 Domino
758 309 860 354 Meo
891 308 1135 354 Antonino
1165 307 1384 364 Augusto
1414 308 1614 354 Fronto.

343 401 444 445 Vidi
475 402 661 458 pullulos
691 403 802 457 tuos,
835 402 948 457 quod
977 401 1150 457 quidem
1179 401 1465 444 libentissime
1495 402 1542 444 in
1562 402 1652 445 vita
1675 417 1772 446 mea

228 471 421 526 viderim,
454 473 545 513 tam
575 470 702 514 simili
723 470 962 525 facie'tibi,
994 471 1044 512 ut
1073 469 1184 512 nihil
1215 470 1271 513 sit
1300 469 1382 513 hoc
1412 470 1542 513 simili
1573 470 1767 515 similius.

227 540 328 583 Feci
357 554 532 596 prorsus
563 538 850 595 conpendium
879 538 1049 580 itineris
1079 538 1254 581 Lorium
1283 553 1437 595 usque,
1481 540 1770 596 conpendium

228 609 321 652 viae
350 608 556 664 lubricae,
589 606 890 663 compendium
921 606 1128 649 clivorum
1149 607 1399 651 arduorum:
1430 610 1579 651 tamen
1608 608 1694 652 vidi
1724 610 1769 652 te

226 692 316 720 non
347 692 399 720 ex
429 677 655 719 advorsum
684 675 810 718 modo
841 675 915 717 sed
944 675 1216 731 locupletius,
1250 676 1339 718 sive
1369 691 1437 719 me
1469 677 1521 719 ad
1547 677 1769 720 dexteram

227 746 316 789 sive
354 746 408 788 ad
452 745 619 788 laevam
658 744 976 787 convertissem.
1039 743 1175 787 Sunt1
1215 746 1360 787 autem
1404 745 1469 787 dis
1514 745 1765 789 iuvantibus

227 814 366 857 colore
397 814 503 856 satis
533 813 709 869 salubri,
744 812 928 856 clamore
958 812 1075 855 forti.
1114 811 1279 855 Panem
1310 813 1420 855 alter
1448 814 1628 857 tenebat
1657 815 1768 858 bene

227 882 470 938 candidum,
503 883 553 924 ut
581 896 688 938 puer
717 881 878 938 regius,
919 881 1028 924 alter
1059 883 1204 924 autem
1235 882 1457 938 cibarium,
1496 882 1625 938 plane
1663 886 1714 926 ut
1743 899 1768 926 a

224 953 349 1008 patre
386 950 643 1007 philosopho
687 952 942 1007 prognatus.
1004 949 1118 992 Deos
1156 964 1314 1006 quaeso
1359 950 1416 992 sit
1453 951 1595 994 salvus
1633 954 1764 1008 sator,

225 1020 343 1063 salva
374 1020 463 1062 sint
493 1021 601 1075 sata,
635 1019 753 1062 salva
784 1033 908 1076 seges
947 1019 1016 1075 sit,
1057 1033 1166 1075 quae
1203 1021 1295 1061 tam
1327 1019 1488 1063 similes
1526 1023 1766 1075 procreatss.

223 1082 352 1132 Nam*
375 1088 508 1131 etiam
555 1087 726 1131 voculas
771 1102 938 1144 quoque
979 1101 1126 1130 eorum
1165 1088 1308 1130 audivi
1345 1090 1436 1130 tam
1474 1088 1630 1145 dulcis,
1677 1091 1768 1132 tam

223 1159 442 1213 venustas,
474 1159 524 1200 ut
552 1157 760 1200 orationis
790 1159 891 1199 tuae
922 1156 1112 1212 lepidum
1142 1155 1265 1198 illum
1286 1157 1330 1199 et
1356 1156 1566 1212 liquidum
1589 1159 1768 1200 8011111112

223 1226 369 1269 nescio
409 1240 492 1282 quo
532 1227 659 1282 pacto
698 1226 746 1268 in
782 1225 1006 1281 utriusque
1045 1224 1221 1280 pipulo3
1259 1225 1570 1281 adgnoscerem
1580 1226 1612 1268 b.
1673 1226 1767 1269 Iam

222 1297 271 1338 tu
300 1294 450 1351 igitur,
490 1294 575 1337 m'si
614 1308 758 1350 caves,
799 1294 1119 1350 superbiorem4
1159 1293 1382 1349 aliquanto
1417 1308 1486 1337 me
1526 1295 1767 1351 experiere,

222 1363 360 1406 habeo
390 1363 506 1406 enim
535 1377 640 1419 quos
670 1377 748 1419 pro
785 1364 829 1405 te
859 1377 947 1406 non
983 1362 1142 1405 oculeis
1173 1363 1299 1405 modo
1331 1377 1484 1419 amem,
1524 1363 1598 1406 sed
1635 1363 1767 1406 etiam

222 1431 408 1475 auribus.

608 1522 692 1566 IV.
733 1522 965 1577 Magistro
995 1522 1098 1567 Meo
1130 1511 1365 1566 Salutem.

335 1613 438 1656 Vidi
467 1614 620 1656 filiolos
650 1628 781 1669 meos,
814 1628 943 1669 quom
967 1614 1000 1670 15
1021 1628 1091 1656 eos
1121 1616 1170 1656 tu
1200 1613 1366 1670 vidisti;
1398 1614 1483 1656 vidi
1512 1616 1556 1657 et
1576 1616 1634 1671 te,
1669 1630 1766 1658 cum

220 1683 388 1726 litteras
419 1684 516 1725 tuas
546 1682 748 1738 legerem.
786 1681 872 1725 Oro
902 1684 960 1737 te,
993 1673 1053 1724 mi
1082 1682 1305 1739 magister,
1339 1697 1436 1725 ama
1464 1697 1533 1725 me
1553 1684 1603 1725 ut
1625 1698 1765 1740 amas3

222 1767 318 1795 ama
338 1766 406 1794 me
438 1751 500 1794 sic
532 1751 662 1794 etiam
692 1751 901 1807 quomodo
931 1751 1037 1792 istos
1067 1750 1265 1806 parvolos
1292 1752 1463 1793 nostros
1485 1765 1626 1794 amasz
1656 1767 1763 1795 non-

220 1820 322 1863 dum
351 1834 478 1862 omne
509 1819 595 1861 dixi
626 1819 739 1875 quod
767 1819 883 1862 volo:
923 1834 1020 1862 ama
1057 1834 1125 1862 me
1167 1820 1378 1875 quomodo
1413 1820 1580 1862 amasti.
1642 1819 1764 1864 Haec

220 1890 270 1931 ut
298 1888 551 1944 scriberem,
599 1890 771 1930 tuarum
808 1888 1052 1930 litterarum
1088 1888 1199 1930 mira
1236 1888 1482 1930 iucunditas
1520 1889 1760 1944 produxitc.

220 1957 335 2000 Nam
365 1957 416 2000 de
438 1956 656 2013 elegantia
677 1957 779 2012 quid
801 1955 974 2007 dicam?
1003 1956 1087 1998 nisi
1109 1958 1153 1998 te
1173 1955 1309 1999 latine
1331 1955 1463 2012 loqui,
1495 1971 1575 1999 nos
1598 1958 1762 2000 ceteros

219 2040 357 2082 neque
378 2040 532 2082 graece
552 2040 691 2081 neque
712 2025 849 2068 latine
859 2025 892 2068 (ἲ.
931 2024 1117 2067 Domino
1138 2021 1232 2067 meo
1252 2025 1379 2067 fratri
1399 2027 1500 2081 peto
1522 2026 1761 2082 scriptites:

334 2151 357 2176 a
380 2142 426 2175 In
449 2143 616 2185 margine:
643 2139 774 2175 Salvus
799 2139 902 2175 sator
922 2138 980 2182 sit,
1005 2138 1109 2174 salva
1125 2139 1218 2183 sata,
1243 2138 1347 2175 salva
1370 2149 1478 2185 seges
1502 2151 1598 2184 quae
1623 2139 1761 2177 similes

219 2197 405 2244 procreat.

332 2255 356 2289 b
382 2257 427 2289 In
450 2257 621 2300 margine:
646 2253 698 2289 Ut
722 2253 902 2290 orationis
926 2254 1015 2290 tuae
1041 2252 1187 2289 dulcem
1218 2262 1350 2288 sonum
1378 2252 1419 2289 in
1440 2252 1635 2300 utriusque
1667 2255 1760 2300 pulli

218 2311 274 2347 tui
297 2311 426 2358 pipulo
451 2321 703 2357 agnoscerem.

334 2379 353 2404 c
382 2371 426 2403 In
449 2371 617 2413 maryine:
644 2367 742 2403 Tota
764 2367 858 2403 haec
881 2367 1134 2414 panygyricus
1161 2368 1248 2412 (sic).

334 2425 358 2460 d
383 2427 427 2460 In
451 2428 619 2470 margine:
645 2425 698 2460 Te
710 2423 826 2460 latine
838 2424 953 2470 loqui,
965 2434 1033 2460 nos
1048 2425 1193 2461 ceteros
1209 2434 1330 2469 neque
1344 2434 1479 2470 graece
1495 2435 1617 2470 neque
1628 2424 1755 2460 latine.

333 2545 351 2573 1
376 2538 522 2584 Nempe
551 2537 703 2584 gemelli
730 2538 857 2574 Marco
887 2538 964 2574 iam
993 2537 1165 2584 Augusto
1201 2537 1281 2574 nati
1310 2537 1430 2582 filioli,
1463 2536 1688 2574 Commodus
1720 2539 1758 2574 et

217 2595 437 2640 Antoninus,
462 2605 620 2641 quorum
643 2594 704 2630 hic
728 2595 944 2640 quadrimus
970 2595 1154 2630 extinctus
1178 2595 1247 2631 est.
1297 2597 1445 2630 Maius.-

332 2657 353 2688 2
377 2652 497 2688 Maius
522 2652 632 2688 affert
654 2651 814 2688 Dionem
838 2650 1005 2687 Cassium
1034 2651 1074 2687 in
1102 2651 1212 2687 titulo
1245 2652 1291 2687 de
1317 2651 1518 2687 Sententiis
1543 2652 1644 2698 apud
1667 2652 1755 2688 Din-

219 2710 377 2745 dorfium
400 2709 445 2753 V,
469 2721 506 2755 p.
525 2712 602 2745 206.

332 2771 353 2802 3
378 2765 467 2801 Cod.
493 2777 549 2812 pr.
575 2777 623 2801 m.
648 2769 787 2811 populo.
835 2763 888 2800 Cf.
916 2775 1064 2810 quoque
1088 2776 1164 2801 var.
1190 2765 1274 2801 lect.
1299 2764 1339 2800 in
1361 2764 1542 2811 margine.

332 2826 354 2858 4
379 2821 468 2858 Cod.
494 2834 551 2868 pr.
577 2834 625 2858 m.
651 2825 896 2868 superuiorem.

333 2882 354 2918 5
377 2878 512 2928 Incipit
536 2879 624 2916 Cod.
650 2879 736 2915 Vat.
760 2891 798 2929 p.
817 2881 871 2917 89.
