1968 3158
723 192 788 228 AD
814 191 992 228 AMICOS
1018 190 1161 228 LIBER
1186 192 1210 227 Ι.
1652 192 1731 235 177

198 307 305 350 haec
342 306 406 349 ita
444 320 535 348 esse
574 306 928 362 deprehenderis,
969 307 1078 349 scito
1116 306 1298 362 amplius
1337 320 1429 349 esse
1466 306 1511 348 in
1550 305 1737 348 hominis

198 374 409 430 moribus3
440 377 566 417 tanta
596 375 812 430 probitate
844 378 910 417 est
939 377 982 417 et
1013 374 1283 418 verecundia.
1353 374 1530 416 Maximi
1562 389 1736 416 concur-

198 458 270 486 sus
309 443 363 485 ad
401 443 659 486 audiendum
704 458 802 485 eum
849 442 1011 485 Romae
1057 457 1183 499 saepe
1227 443 1334 486 facti
1379 445 1496 485 sunt.
1558 442 1736 485 Plurimi

197 511 335 554 nostri
370 511 535 555 ordinis
577 512 654 555 viri
689 511 939 554 facundiam
975 510 1066 553 eius
1097 525 1185 553 non
1216 510 1340 553 modo
1380 511 1589 567 probant,
1637 510 1732 553 sed¹

199 579 332 622 etiam
363 579 644 622 admirantur.
707 579 864 622 Officio
893 579 1137 624 necessario
1174 579 1377 621 inductus
1408 581 1487 633 est,
1521 582 1570 621 ut
1601 577 1735 637 [hinc]

198 647 543 703 proficisceretur
573 648 626 690 ad
657 647 962 690 consolandam
1001 647 1301 690 consobrinam
1332 662 1453 690 suam
1485 662 1584 690 casu
1616 647 1738 703 gravi

199 716 430 759 adflictam.
492 715 895 772 Quantumcumque
934 716 1141 772 Aquilino
1180 730 1274 758 meo
1312 716 1488 758 honoris
1518 716 1736 771 tribueris,

197 783 242 826 id
271 786 315 827 te
345 783 452 827 mihi
482 784 672 827 tribuere
703 784 963 828 existimato.

503 909 555 953 V.
619 909 845 967 1²Fronto
877 910 948 955 cl.
979 909 1173 954 Iuliano
1206 907 1443 954 Salutem.

313 1001 576 1057 Cuperemus
606 1002 814 1057 profecto,
846 1002 906 1044 mi
935 1000 1163 1044 Naucelli3
1195 1002 1426 1056 carissime,
1460 1016 1508 1043 eo
1538 1016 1617 1044 nos
1646 1003 1739 1045 fato

199 1070 436 1125 praeditos,
477 1072 526 1112 ut
564 1070 600 1112 si
630 1069 735 1112 mihi
765 1069 890 1112 liberi
922 1069 1054 1111 etiam
1082 1069 1218 1112 virilis
1260 1084 1385 1112 sexus
1415 1070 1509 1112 nati
1538 1070 1737 1125 fuissent,

200 1152 429 1194 eorumque
467 1139 585 1180 aetas
624 1138 706 1180 hoc
745 1138 1018 1194 potissimum
1056 1140 1248 1194 tempore
1291 1138 1345 1180 ad
1381 1138 1530 1180 munia
1559 1138 1739 1180 militiae

198 1205 424 1262 fungenda
455 1206 736 1262 adolesceret,
776 1220 860 1262 quo
889 1208 1082 1262 tempore
1112 1208 1161 1249 tu
1199 1206 1466 1262 provinciam
1497 1221 1593 1249 cum
1623 1221 1739 1248 exer-

201 1274 290 1316 citu
320 1274 665 1330 administrares,
707 1275 771 1317 uti
810 1275 889 1317 sub
918 1277 963 1317 te
992 1275 1076 1318 mei
1107 1275 1231 1317 liberi
1263 1275 1479 1330 stipendia
1507 1277 1736 1317 mererent.

199 1342 299 1385 Non
330 1342 461 1398 longe
492 1343 632 1386 aberit
661 1343 766 1399 quin
795 1342 899 1397 hoc,
932 1344 1045 1400 quod
1074 1345 1254 1399 uterque
1286 1358 1556 1399 cuperemus,
1590 1358 1739 1386 evene-

199 1411 272 1453 rit.
349 1409 464 1453 Nam
514 1411 844 1457 Faustinianum
893 1410 1107 1454 Statiani⁴¹
1161 1411 1246 1453 mei
1281 1411 1419 1453 filium
1462 1426 1551 1454 non
1595 1412 1738 1453 minus

200 1479 334 1534 diligo
376 1494 516 1535 neque
554 1481 697 1522 minus
728 1494 826 1522 eum
856 1479 978 1536 diligi
1010 1480 1156 1535 cupio,
1197 1494 1326 1535 quam
1356 1480 1392 1522 si
1423 1494 1475 1522 ex
1510 1495 1578 1522 me
1617 1480 1738 1535 geni-

199 1549 270 1589 tus
301 1549 426 1589 esset.
477 1547 520 1589 Is
549 1562 666 1590 nunc
698 1548 778 1590 sub
807 1549 852 1590 te
881 1547 1076 1590 merebit.
1119 1547 1185 1590 Tu
1214 1548 1400 1590 studium
1420 1547 1595 1590 meliore
1625 1548 1739 1590 bono

202 1630 259 1657 an
294 1648 303 1657 .
340 1616 379 1657 ‚⁵
446 1614 667 1665 Quantum
708 1630 760 1658 ex
799 1618 875 1658 tua
912 1615 1205 1658 benivolentia
1241 1616 1577 1658 Faustinianus6
1614 1631 1738 1659 orna-

202 1684 338 1726 menti
378 1684 657 1740 adsequetur,
699 1685 871 1726 tantum
907 1686 957 1726 tu
992 1684 1227 1740 voluptatis
1266 1698 1316 1726 ex
1347 1684 1618 1727 Faustiniani
1655 1685 1737 1727 ele-

202 1752 356 1808 gantia
387 1752 544 1808 capies.
606 1752 743 1802 Quam
775 1752 924 1795 doctus
955 1752 1032 1807 sit,
1069 1751 1175 1794 mihi
1207 1753 1349 1808 crede3
1380 1767 1508 1808 quam
1538 1753 1600 1795 rei
1629 1753 1738 1795 mili—

201 1821 308 1863 taris
338 1821 516 1876 peritus,
548 1821 804 1876 praedicant
832 1834 994 1875 omnes,
1027 1821 1106 1862 sub
1137 1821 1291 1876 quibus
1321 1821 1490 1863 meruit.
1533 1820 1616 1863 Sed
1645 1823 1738 1863 tum

202 1889 373 1931 demum
402 1888 624 1931 doctrinae
661 1889 983 1945 industriaeque
1014 1903 1115 1930 suae
1153 1888 1344 1931 fructum
1375 1903 1466 1931 sese
1496 1890 1738 1945 percepisse

202 1957 396 2012 putabit,
441 1957 516 1999 ubi
561 1972 606 2000 se
648 1957 730 1999 tibi
774 1957 981 2012 probarit.
1043 1956 1130 1999 Fac
1173 1956 1437 2012 periculum¹²
1473 1957 1520 1999 in
1557 1957 1737 1999 militiae

202 2024 466 2080 muneribus,
497 2025 568 2068 fac
598 2025 837 2082 periculum
866 2026 914 2067 in
945 2024 1135 2067 consiliis
1164 2025 1440 2080 iudiciariis⁷‚
1471 2025 1543 2067 fac
1573 2026 1738 2081 pericu-

133 2092 140 2099 “
203 2092 293 2135 lum
322 2093 370 2135 in
400 2093 572 2150 litteris,
604 2095 722 2136 omni
752 2093 935 2149 denique
965 2093 1221 2149 prudentiae
1242 2095 1286 2136 et
1307 2093 1532 2136 facilitatis
1562 2108 1642 2138 usu
1671 2093 1738 2137 vel

318 2276 341 2301 a
363 2267 410 2301 In
433 2269 600 2311 margine:
623 2264 721 2301 Laus
745 2263 1030 2301 exercitationis.

321 2405 337 2436 1
365 2399 505 2436 Codex:
538 2399 605 2436 sed
628 2403 700 2435 eius
724 2400 850 2436 etiam.

318 2461 338 2492 2
363 2456 499 2502 Incipit
524 2455 612 2492 Cod.
636 2469 672 2502 p.
699 2461 777 2501 307,
802 2458 970 2493 obscura.

318 2517 339 2548 3
364 2512 580 2558 Cognomen
603 2512 674 2548 hoc
705 2513 865 2549 occurrit
887 2513 1006 2549 multo
1029 2512 1215 2559 posterius
1248 2511 1286 2547 in
1318 2511 1485 2558 epistulis
1511 2511 1733 2558 Symmachi.

207 2573 332 2606 Maius.
1402 2579 1407 2586 ²
1441 2600 1443 2603 .

318 2630 341 2662 4
363 2626 498 2662 Maius:
537 2626 736 2671 Sta[tirni].
783 2625 934 2661 Amicus
969 2626 1064 2662 vidit
1090 2654 1243 2661 .....
1270 2630 1316 2661 ni.
1365 2625 1438 2660 Sed
1468 2625 1566 2661 infra
1600 2627 1736 2662 veteris

206 2683 412 2729 scripturae
426 2682 586 2728 vestigia
598 2682 858 2718 demonstrant
868 2682 1137 2719 Buttmannum
1154 2682 1357 2718 rectissime
1370 2681 1560 2727 scripsisse
1573 2684 1733 2719 Statiani.

320 2743 341 2775 5
366 2739 505 2786 Supple
531 2750 595 2774 sex
618 2739 696 2775 fere
718 2737 876 2774 litteras.
921 2741 1048 2775 Maius.

320 2800 341 2831 6
365 2795 648 2832 Faustinianum
673 2794 870 2831 Cerellium
895 2795 1032 2831 occidit
1048 2806 1132 2831 eum
1147 2794 1289 2831 Iuliano
1306 2794 1398 2830 item
1414 2793 1572 2831 Cerellio
1595 2796 1736 2832 indicta

208 2863 321 2888 causa
345 2851 502 2888 Severus
526 2851 614 2898 imp.
641 2851 764 2898 Spart.
790 2852 829 2887 in
851 2851 959 2887 huius
983 2851 1061 2888 vita
1085 2863 1115 2888 c.
1143 2856 1195 2888 13.
1245 2855 1371 2887 Maius.

321 2913 340 2945 7
365 2909 408 2944 In
431 2908 563 2945 ultima
587 2908 733 2955 syllaba
755 2909 939 2955 posterius
963 2913 975 2944 ι·
997 2920 1176 2955 suprascr.

261 2989 394 3015 FRoN'r.
413 2989 460 3014 ET
477 2989 612 3013 annm..
631 2989 751 3014 trist.
1412 2967 1465 3009 12
