1968 3158
281 147 336 189 92
562 143 608 178 M.
630 141 853 178 CORNELII
878 139 1154 175 FRONTONIS
1178 138 1519 176 EPISTULARUM

282 260 454 300 nantur.
526 255 633 298 Vale
671 255 729 296 mi
766 253 1124 309 iucundisl'sime
1167 254 1386 309 magister.
1446 253 1586 296 Mater
1629 269 1724 296 mea
1760 255 1803 296 te

283 326 452 367 salutat.

733 434 856 477 LVI.
890 434 962 477 71.
1010 434 1211 477 Domino
1240 434 1357 478 Meo.

394 527 554 568 Fauces
585 526 760 567 miseras
790 524 947 579 habeo,
978 525 1090 566 unde
1121 525 1249 566 etiam
1284 525 1394 567 calui
1423 539 1499 579 per
1528 526 1725 566 noctem..
1752 524 1805 566 In

282 610 396 651 genu
427 594 544 636 dolor
575 595 641 636 est
669 593 872 635 modicus.
932 592 1041 634 Vale
1072 592 1266 635 Domine.
1327 592 1558 634 Dominam
1587 592 1739 634 saluta.

704 757 856 806 LVII.
891 762 962 805 72.
1007 762 1237 816 Magistro
1266 761 1383 804 Meo.

394 856 487 897 Iam
531 855 668 896 habeo
713 853 824 909 quod
868 853 1053 908 primum
1099 855 1141 894 et
1177 852 1454 908 praecipuum
1491 852 1804 894 desiderabam:

282 925 439 966 desisse
468 923 721 965 febriculam
753 921 906 977 colligo
938 935 988 963 ex
1008 920 1166 962 litteris
1195 920 1293 962 tuis.
1326 920 1468 974 Nunc,
1499 920 1556 962 mi
1584 921 1804 975 magister,

282 992 393 1047 quod
431 991 483 1033 ad
508 991 665 1035 ,fauces
704 990 890 1043 adtinet,
942 988 1062 1030 brebi
1107 988 1394 1043 temperantia
1436 988 1719 1043 appelletur23
1764 990 1808 1029 et

282 1059 387 1101 mihi
419 1061 463 1100 at
474 1060 489 1085 ³
519 1058 685 1114 plenior
714 1057 892 1099 nuntius
922 1056 1077 1098 veniet.
1131 1055 1240 1098 Vale
1270 1056 1328 1097 mi
1358 1055 1565 1111 magister
1593 1055 1806 1098 iucundis-

248 1168 252 1172 ,
284 1127 387 1169 sime
417 1126 535 1168 mihi.
596 1126 735 1168 Mater
764 1139 858 1167 mea
888 1126 931 1166 te
962 1124 1132 1166 salutat.

701 1294 880 1338 LVIII.
915 1294 987 1337 73.
1032 1293 1233 1337 Domino
1263 1292 1380 1336 Meo.

397 1387 587 1429 Vexatus
618 1401 724 1440 sum,
757 1385 953 1439 Domine,
992 1386 1118 1426 110616
1155 1384 1306 1425 diffuso
1341 1383 1482 1425 dolore
1512 1398 1588 1438 per
1617 1398 1810 1425 umerum
1853 1375 1859 1379 h
1926 1402 1938 1412 s

285 1458 328 1496 61
359 1456 549 1497 cubitum
587 1457 629 1496 et
666 1468 780 1510 genu
818 1455 861 1495 et
898 1452 1044 1494 talum.
1106 1451 1301 1506 Denique
1337 1451 1381 1493 id
1418 1452 1559 1506 ipsum
1595 1451 1676 1493 tibi
1714 1466 1809 1492 mea

284 1523 449 1564 manu*
470 1522 654 1565 scribere
683 1536 772 1563 non
802 1521 934 1576 potui.

545 1691 677 1735 LIX.
712 1691 786 1734 74.
829 1690 964 1734 Have
993 1689 1061 1732 mi
1090 1689 1324 1743 magister
1353 1688 1550 1743 optime.

399 1784 551 1839 Egone
582 1785 629 1824 ut
659 1782 867 1836 studeam,
897 1796 996 1833 ,611111
1025 1783 1074 1822 tu
1104 1779 1276 1822 doleas?
1312 1779 1565 1835 praesertim
1593 1794 1688 1821 cum
1716 1794 1812 1821 mea

288 1867 414 1894 causa
445 1851 618 1893 doleas?
654 1842 751 1892 non*
780 1865 847 1891 me
885 1849 1081 1891 omnibus
1117 1847 1395 1890 incommodis
1426 1849 1577 1902 sponte
1612 1847 1704 1902 ipse
1741 1848 1811 1888 ad-

286 1919 476 1962 flictem‘?
506 1919 657 1961 merito
686 1918 869 1960 hercule.
916 1916 1020 1966 Quis
1051 1917 1166 1958 enim
1194 1916 1274 1957 tibi
1306 1915 1412 1957 alius
1443 1915 1629 1956 dolorem
1659 1929 1810 1970 genus,

288 2002 413 2043 quem
444 1987 593 2029 scribis
623 1988 748 2028 nocte
778 1986 1200 2041 proxuma‘auetum,
1241 1983 1334 2038 quis
1370 1982 1477 2024 alius
1509 1997 1605 2024 eum
1636 1982 1812 2024 suscita-

287 2057 363 2110 vit,
403 2055 488 2097 nisi
519 2053 857 2108 Centumcellae,
896 2068 951 2095 ne
988 2067 1055 2094 me
1093 2051 1262 2093 dicam?
1321 2050 1431 2100 Quid
1466 2050 1601 2105 igitur
1638 2050 1809 2104 faciam,

288 2124 360 2178 qui
390 2138 470 2181 nec
501 2125 544 2164 te
573 2123 694 2164 video
725 2124 768 2163 et
796 2123 919 2162 tanto
950 2118 1427 2176 angorel⁵discruciorfi>
1471 2118 1593 2159 Adde
1623 2132 1671 2159 eo
1702 2118 1813 2172 quod

289 2191 455 2233 etiamsi
484 2191 618 2232 libeat
647 2190 830 2243 studere,
862 2188 1019 2229 iudicia
1048 2186 1292 2242 prohibent,
1325 2179 1527 2240 quae,-ut
1561 2185 1711 2227 dicunt
1740 2185 1813 2240 qui

289 2259 444 2314 sciunt,
477 2258 565 2300 dies
595 2260 708 2300 totos
739 2257 964 2299 eximentss.
1006 2254 1106 2297 Misi
1135 2256 1282 2296 tamen
1311 2253 1391 2295 tibi
1421 2252 1671 2295 hodiernam
1700 2255 1811 2304 γνώ-

405 2455 421 2486 1
447 2450 581 2496 Incipit
606 2450 693 2485 Cod.
719 2449 804 2484 Vat.
831 2461 866 2494 p.
889 2452 962 2483 109.

404 2512 424 2543 2
448 2508 506 2542 Ita
531 2507 719 2543 evidenter
744 2505 878 2541 Codex.
929 2504 1157 2549 Schopenus:
1183 2506 1276 2539 brevi
1299 2502 1403 2537 dolor
1421 2506 1646 2547 temperantia
1669 2506 1814 2547 aspelle-
1850 2531 1859 2535 2

230 2566 233 2571 '
290 2572 355 2606 tur,
381 2572 414 2599 et
438 2567 517 2599 mila·
539 2575 561 2598 a
584 2563 622 2598 te
647 2567 756 2599 lenior
779 2565 912 2597 nuncius
936 2564 1056 2596 veniet.

403 2626 423 2657 3
447 2621 505 2655 Ita
529 2619 663 2655 Codex.

403 2682 424 2712 4
449 2676 535 2712 Cod.
562 2689 618 2722 pr.
644 2689 691 2711 m.
712 2688 844 2711 manus.

404 2738 425 2769 5
448 2733 581 2778 Incipit
605 2732 692 2768 Cod.
718 2732 802 2768 Vat.
828 2745 864 2778 p.
883 2735 938 2767 84.

359 2814 360 2817 η
405 2794 425 2824 6
448 2791 490 2824 111
515 2789 642 2825 ordine
671 2788 843 2824 scribitur
873 2791 1042 2826 exhibent.
1091 2788 1186 2823 Tum
1209 2787 1248 2822 in
1270 2789 1437 2831 margine
1469 2785 1649 2821 scholium
1677 2786 1748 2820 est:
1780 2788 1814 2819 in

293 2850 360 2882 alio
386 2851 542 2882 eoeiment.
593 2849 718 2881 Maius.
