1968 3158
746 151 812 187 AD
837 149 1015 187 AMICOS
1040 149 1185 186 LIBER
1209 150 1235 185 1.
1682 149 1762 192 183

168 288 172 293 ·
224 266 427 324 appellat.
490 266 585 323 Ego
615 281 683 309 me
713 281 852 323 neque
882 281 1085 322 graecum
1123 280 1262 322 neque
1293 265 1477 307 latinum
1508 263 1761 307 vocabulum

223 335 352 379 ullius
382 335 563 378 membri
595 350 720 378 nosse
751 335 937 390 mallem,
970 334 1071 377 (lum
1102 334 1226 377 istius
1258 333 1414 376 doloris
1445 348 1597 389 expers
1627 332 1761 375 vitam

223 403 423 461 degerem
457 437 818 447 .........

503 529 636 574 xlv.
696 528 899 585 (Fronto
930 527 1180 572 Victorlno
1214 525 1470 582 Salutem.)

337 621 406 664 Ad
444 620 581 663 maius
619 621 790 676 tempus
823 652 1758 662 ......................

225 724 233 733 .
269 723 278 733 .
314 723 323 733 .
359 690 420 744 ,1¹
453 691 497 732 et
516 688 747 732 Varianis2
776 687 961 730 alumnis
991 687 1194 730 masculis
1224 687 1483 743 feminisque
1514 688 1759 730 sestertium

223 757 422 802 deciens³
470 756 654 813 singulis
702 756 880 812 reliquit
928 755 1171 798 usurarium
1219 756 1443 811 proprius⁴
1488 771 1617 811 quam
1666 770 1761 811 pro-

220 825 422 884 pri[um]:
459 839 562 867 nam
591 824 899 881 quinquagena
929 839 1076 866 annua
1108 824 1161 866 ab
1192 824 1423 880 Augusta⁵
1453 824 1637 880 singulis
1668 824 1760 866 dari

220 894 360 937 iussit.
421 893 620 949 Plerique
650 908 812 948 omnes,
845 892 919 949 qui
949 907 1043 935 eam
1075 894 1344 948 curaverant,
1377 893 1538 935 frustra
1568 893 1758 935 fuerunt.

222 962 289 1006 Ne
326 962 463 1004 librae
501 961 673 1018 quidem
718 961 901 1018 singulis
945 960 1238 1017 ponderatae⁶
1274 963 1388 1003 sunt.
1461 961 1569 1002 Ausi
1614 963 1761 1003 tamen

222 1032 324 1074 sunt
361 1029 586 1073 nonnulli⁷
625 1029 726 1073 navi
764 1029 931 1072 scilicet
969 1031 1012 1072 et
1049 1028 1214 1071 strenui
1252 1029 1331 1071 viri
1371 1029 1608 1084 codicillos,
1655 1044 1760 1085 quos

221 1098 476 1155 iampridem
506 1098 687 1141 Matidia
716 1098 952 1153 inciderat,
985 1097 1240 1153 obsignare,
1275 1112 1372 1139 cum
1402 1097 1478 1139 illa
1508 1097 1600 1139 sine
1631 1112 1761 1139 sensu

222 1167 309 1210 ullo
338 1167 514 1210 iaceret.
574 1166 710 1209 AusiS
750 1166 881 1209 etiam
918 1168 1021 1208 sunt
1059 1165 1276 1208 codicillos
1306 1165 1412 1207 istos
1444 1165 1557 1221 apud
1568 1166 1583 1191 ³¹
1615 1165 1759 1207 Domi-

221 1251 326 1279 num
355 1235 411 1278 N.
443 1237 492 1278 ut
521 1235 653 1291 probe
685 1250 735 1278 ac
764 1236 881 1277 recte
911 1234 1051 1276 factos
1088 1234 1200 1276 tueri
1238 1249 1288 1276 ac
1318 1234 1606 1276 defenderem.
1668 1233 1760 1275 Nec

222 1305 315 1348 sine
350 1306 468 1347 metu
505 1303 591 1359 fui,
638 1303 798 1359 nequid
836 1302 1109 1359 philosophia
1147 1303 1337 1358 perversi
1376 1302 1588 1345 suaderet.
1649 1301 1759 1351 Quid

222 1373 276 1415 ad
314 1387 411 1415 811111
448 1372 500 1414 de
530 1386 576 1414 re
607 1371 875 1427 scripserim,
915 1372 965 1413 ut
1002 1370 1157 1426 scires,
1191 1370 1434 1426 exemplum
1470 1370 1758 1412 litterarmn¹¹

221 1441 319 1483 misi
348 1440 441 1483 tibi.
698 1439 702 1441 ’

335 1508 388 1551 111
432 1510 627 1551 oratione
671 1507 887 1564 Bithyna,
937 1507 1058 1550 cuius
1102 1509 1272 1563 partem
1316 1507 1472 1563 legisse
1510 1508 1553 1548 te
1592 1506 1757 1560 scribis,

223 1577 360 1619 multa
397 1578 500 1618 sunt
535 1591 649 1619 nova
678 1576 845 1631 addita,
886 1577 936 1618 ut
966 1576 1172 1631 arbitror,
1205 1576 1339 1618 non¹²
1368 1576 1588 1618 inornate:
1641 1574 1759 1617 locus

221 1645 268 1688 in
298 1644 449 1701 primis
480 1644 532 1687 de
563 1646 660 1687 acta
690 1644 800 1699 vita,
832 1659 958 1700 quem
986 1644 1066 1686 tibi
1096 1644 1356 1700 placiturum
1386 1646 1504 1699 puto,
1537 1643 1574 1685 si
1603 1642 1760 1698 legeris

220 1806 354 1829 sacram
372 1791 466 1827 dixit
482 1790 638 1837 spinam,
663 1802 759 1836 quae
776 1791 888 1837 vulgo
907 1792 945 1827 et
962 1804 985 1827 a
1001 1791 1154 1827 medicis
1178 1795 1279 1837 spina.
1303 1790 1570 1826 nominaretur.
1605 1789 1759 1835 spinam

223 1850 378 1886 Glossae
402 1849 494 1885 vett.
521 1847 709 1894 explicant
733 1849 901 1884 ἄκανθαν
934 1850 994 1884 καὶ
1019 1849 1123 1894 ἱερὸν
1147 1850 1285 1884 ὀετοῡν
1310 1850 1332 1892 ἢ
1359 1848 1477 1892 ῥάχιν.
1526 1850 1757 1891 Heindorfius.

339 1912 356 1942 1
385 1905 472 1941 Cod.
507 1918 543 1952 p.
569 1909 636 1941 314
661 1917 756 1950 quae
781 1905 949 1950 sequitur
977 1917 1128 1951 prorsus
1160 1904 1386 1947 oblitterata,
1408 1906 1474 1940 est.
1508 1904 1643 1949 Incipit
1667 1903 1756 1939 Cod.

211 1977 258 2010 ⁶p.
283 1966 366 2007 313,
397 1962 528 1999 itidem
553 1962 721 1998 obscura.
761 1962 1043 2008 Inscriptionem
1069 1963 1107 1997 et
1129 1961 1252 2008 prima
1277 1962 1392 1997 verba
1415 1960 1534 1997 Maius
1560 1959 1690 1995 sumsit
1714 1971 1757 1995 ex

223 2019 359 2056 Indice.

337 2082 358 2112 2
381 2076 452 2126 Vel
482 2079 652 2120 Varianis,
682 2088 769 2111 nam
795 2075 909 2111 dubia
940 2077 997 2112 est
1020 2076 1130 2112 lectio
1161 2075 1318 2113 Codicis.
1358 2065 1495 2112 ’Maium
1546 2074 1653 2110 Certe
1685 2084 1759 2108 non

223 2135 282 2171 est
304 2137 481 2170 Vanianis.
530 2133 735 2168 Praeterea
758 2133 851 2169 haec
874 2133 1011 2168 Maius:
1037 2133 1134 2169 Num
1159 2132 1224 2168 filii
1249 2132 1386 2169 Variae
1410 2131 1589 2176 Hedoniu,
1615 2130 1679 2176 qui
1703 2131 1758 2165 tu-

224 2193 307 2227 tore
333 2191 536 2226 utebantur
551 2189 666 2225 Vario
691 2190 890 2225 Hermete‘?
930 2190 1038 2226 Certe
1064 2190 1110 2226 (18
1133 2189 1270 2226 Variae
1295 2189 1369 2225 filio
1394 2189 1535 2235 pupillo
1561 2189 1684 2224 exstat
1707 2187 1759 2238 di-

223 2259 355 2284 vorum
389 2248 563 2283 Fratrum
600 2246 821 2292 rescriptum
845 2246 930 2292 Dig.
963 2247 1036 2283 XL.
1072 2252 1122 2282 12.
1150 2251 1204 2282 27.
1260 2247 1463 2283 Praeterea
1486 2245 1607 2281 Varus
1633 2243 1759 2281 consul

223 2305 294 2341 fuit
318 2315 415 2341 anno
440 2303 496 2339 Pii
519 2302 739 2349 imperantis
763 2303 904 2339 ultimo.

338 2366 359 2397 3
383 2361 442 2396 Ita
464 2359 594 2395 Maius.
643 2359 793 2396 Amicus
817 2360 1028 2406 descripsit:
1053 2360 1251 2397 UECENS.

337 2421 360 2452 4
383 2417 442 2452 Ita
466 2415 600 2451 Codex.

340 2477 360 2509 5
383 2471 562 2526 Faustina
584 2471 712 2508 Marci.
762 2475 888 2512 Maius.

339 2533 360 2564 6
385 2528 525 2564 Codex:
550 2530 646 2563 tibris
678 2549 705 2554 —
737 2534 930 2574 ponderati.
980 2531 1149 2567 Correxit
1172 2530 1302 2566 Maius.

340 2591 358 2622 7
386 2585 527 2621 Codex:
554 2588 625 2620 Aut
648 2589 679 2620 si
702 2593 812 2621 cumen
831 2591 1022 2631 ponderati
1043 2595 1120 2623 sunt
1145 2591 1303 2623 nonnulli.
1342 2587 1511 2622 Correxit
1534 2586 1664 2622 Maius.

338 2646 360 2678 8
385 2641 474 2677 Cod.
500 2653 536 2686 p.
562 2653 610 2676 m.
639 2645 707 2677 Aue
730 2648 773 2680 si.

339 2704 360 2736 9
384 2699 443 2734 Ita
466 2697 600 2742 Codex,
623 2708 699 2734 non
723 2707 816 2745 aput.

321 2761 361 2792 10
385 2755 440 2791 De
464 2766 504 2790 re
529 2754 712 2791 eiusmodi
737 2756 829 2793 citat
852 2757 1030 2793 Antonini
1055 2756 1278 2803 rescriptum
1303 2757 1412 2793 Caius
1436 2758 1480 2794 II.
1511 2762 1584 2795 120.
1630 2762 1758 2795 Maius.

320 2817 359 2848 11
386 2811 485 2855 Quas
510 2822 578 2846 nos
602 2812 784 2850 habemus
809 2814 858 2851 ad
883 2814 1023 2851 calcem
1046 2814 1110 2850 lib.
1137 2815 1182 2850 ΙΙ.
1209 2814 1256 2850 ad
1280 2814 1329 2850 M.
1357 2814 1460 2863 Caes.

320 2869 444 2906 121ta
466 2867 596 2910 Maius.
631 2869 772 2907 Codex:
810 2870 996 2909 C.ONUT.
1032 2871 1264 2918 Schopenus:
1295 2885 1361 2908 non
1386 2875 1561 2915 inornate,
1592 2879 1628 2908 ut
1653 2877 1755 2909 locus.
