1968 3158
718 166 781 202 AD
808 165 985 203 AMICOS
1009 164 1153 204 LIBER
1180 165 1221 199 ΙΙ.
1657 170 1739 212 195

158 289 164 293 ’
202 280 359 324 mInia¹
390 280 525 335 feriri,
559 283 767 337 quantum
799 280 981 324 dedecus
1002 285 1067 325 est
1097 283 1228 339 plena
1248 283 1395 327 liberis
1426 295 1476 324 ac
1507 283 1737 339 nepotibus

201 349 326 393 domo
355 348 536 392 infamia
565 349 722 403 notari,
757 349 876 391 cuius
907 349 1112 394 infamiae
1143 360 1352 410 aspergo·
1379 351 1580 408 inquinat
1609 350 1737 394 simul

201 415 359 461 multos
390 419 434 460 et
462 417 728 460 dedecoratb.

316 484 438 528 Sicut
467 500 556 529 non
586 485 734 529 eadem
765 485 906 528 clades
937 488 1003 528 est
1032 487 1078 529 in
1109 489 1270 543 proelio
1301 503 1435 532 unum
1457 488 1643 544 equitem
1665 487 1736 531 ob-

201 554 395 597 truncari
435 555 479 596 et
515 554 735 597 triremem
772 553 957 609 frangit.
1020 553 1108 597 Tur
1142 590 1149 599 .
1186 589 1195 598 .
1231 558 1268 599 ,²
1301 558 1466 600 armato
1509 589 1517 599 .
1553 589 1562 599 .
1606 559 1650 598 ct
1682 589 1692 598 .
1728 589 1736 597 .

202 622 331 664 remis
363 635 462 665 vero
494 653 504 665 .
540 655 548 664 .
581 622 758 678 perierit
798 655 1390 668 ..............
1403 626 1420 651 ³
1478 624 1614 680 Leges
1652 624 1764 680 ple--

202 703 358 746 raeque
387 703 571 746 poenam
608 689 927 743 sanciverunt⁴,
968 703 1023 732 ne
1053 691 1148 746 quis
1179 691 1374 735 arborem
1404 692 1575 735 felicem
1605 693 1738 735 succi-

201 757 335 801 disset
344 757 372 800 ⁶.
420 756 642 807 Quaenam
674 759 739 800 est
768 757 932 800 arboris
970 757 1190 802 felicitas?
1220 760 1541 803 ramissfecundi
1572 762 1616 802 et
1652 759 1741 802 fru-

201 825 354 883 giferi,
399 825 519 868 bacis
563 825 785 881 pomisque
822 826 980 868 onusti.
1059 825 1197 869 Nemo
1237 842 1422 870 cannam
1460 827 1739 871 et⁷harundi·

201 907 316 948 nem,
348 893 543 949 quamvis
574 907 818 948 proceram,
865 893 1021 936 dixerit
1050 893 1235 936 felicem.
1298 895 1547 951 Aequiusne
1578 897 1644 938 est
1673 910 1737 938 ar-

201 961 376 1005 boribus
406 960 559 1004 honori
590 963 720 1017 atque
749 961 911 1004 tutelae
941 976 1069 1017 poma
1095 964 1138 1004 et
1159 962 1287 1005 bacas
1318 978 1423 1017 esse,
1457 978 1586 1019 quam
1606 963 1739 1005 homi-

201 1029 330 1073 nibus
358 1029 515 1072 liberos
545 1027 869 1085 nepotesqued‘?
915 1062 1281 1073 .........
1318 1031 1349 1084 ,⁸
1373 1064 1608 1074 ......
1650 1031 1740 1087 glo-

203 1097 282 1140 bus
313 1097 505 1154 equitum
534 1096 848 1153 Romanorum,
888 1112 988 1153 pars
1021 1098 1163 1140 curiae
1192 1098 1239 1140 in
1277 1112 1364 1140 uno
1400 1098 1574 1141 homine
1614 1098 1741 1141 deho-

203 1165 426 1208 nestatur⁹
432 1198 667 1208 ......
726 1164 842 1208 Raro
872 1179 1075 1221 umquam
1112 1168 1179 1208 tot
1209 1166 1335 1208 simul
1367 1166 1511 1222 capita
1540 1166 1592 1208 de
1624 1166 1741 1209 caelo

202 1235 322 1276 tacta
352 1236 476 1288 sunt,
515 1235 622 1289 quot
651 1236 699 1275 tu
737 1233 1078 1276 condemnasti¹⁰
1098 1267 1376 1277 .......
1437 1234 1517 1277 Ille
1546 1235 1619 1290 qui
1641 1247 1740 1276 ‘esse

202 1316 332 1357 quam
357 1301 489 1344 videri
510 1301 648 1344 bonus
672 1301 841 1355 maluit,
867 1301 1061 1363 *fortunis
1082 1316 1236 1357 parum
1255 1303 1472 1358 prosperis
1493 1316 1595 1343 usus
1617 1302 1739 1344 estu.

205 1402 484 1412 .......
546 1368 707 1412 Verum
738 1371 804 1412 est
838 1369 975 1425 illum,
1007 1369 1079 1425 qui
1117 1370 1364 1426 opinionem
1394 1370 1567 1412 virtutis
1597 1370 1741 1426 neglc-

202 1440 294 1494 gat,
327 1439 466 1494 ipsam
496 1452 662 1493 quoque
692 1437 924 1494 neglegere
945 1438 1148 1479 virtutem
1161 1437 1214 1492 12;
1246 1453 1384 1493 neque
1415 1438 1639 1493 quisquam
1670 1438 1740 1479 bo-

318 1573 341 1598 a
365 1564 409 1597 In
433 1565 606 1608 maryine:
630 1561 732 1598 Haec
757 1573 916 1608 aspergo
941 1573 1096 1598 numero
1122 1561 1314 1607 singulari.

320 1619 344 1654 b
371 1621 415 1654 In
438 1623 608 1664 maryt‘ne:
633 1617 718 1653 Non
741 1618 842 1654 idem
867 1638 908 1644 -
935 1617 1148 1654 dedecorat.

318 1687 339 1711 c
364 1677 409 1710 In
433 1678 605 1718 maraine.-
628 1674 713 1710 Non
738 1674 838 1710 idem
863 1675 919 1710 est
941 1674 979 1709 in
1004 1674 1145 1720 proelio
1172 1695 1209 1700 —
1238 1675 1372 1719 frangi.

317 1732 343 1767 d
369 1734 411 1767 In
427 1735 597 1777 maraine:
620 1731 739 1776 Leges
755 1731 956 1777 pleraeque
972 1742 1095 1776 paena
1112 1731 1284 1767 sanciunt
1299 1742 1346 1766 ne
1371 1730 1453 1775 quis
1473 1731 1614 1766 felicem
1634 1732 1741 1766 arbo·

204 1801 284 1825 rem
313 1787 488 1824 succidat.
538 1787 580 1830 Q.
614 1799 645 1823 e.
672 1799 704 1824 a.
731 1788 780 1823 fi?
815 1787 911 1823 rami
940 1787 965 1823 f.
993 1788 1032 1823 et
1055 1788 1079 1823 f.
1106 1787 1209 1823 bacis
1238 1789 1277 1824 et
1307 1787 1427 1834 pomis
1452 1798 1484 1823 o.
1511 1787 1554 1822 N.
1583 1799 1738 1823 eanmun

205 1847 244 1882 et
267 1845 303 1881 h.
329 1857 365 1891 q.
390 1856 428 1891 p.
454 1844 599 1880 felicem
624 1843 767 1879 dixerit.
817 1844 860 1879 A.
887 1855 917 1879 e.
946 1865 986 1869 —
1011 1845 1265 1890 nepotesque?

319 1963 336 1994 1
362 1958 418 1994 De
444 1957 556 1995 verbo
580 1958 651 1994 hoc
674 1969 743 2004 pro
768 1960 909 2002 infamia
933 1957 1056 2003 posito
1081 1969 1114 1992 v.
1133 1957 1292 1994 Brisson.
1321 1958 1367 1993 de
1384 1956 1496 1993 Verb.
1523 1956 1625 2002 Sign.
1652 1958 1685 1992 Ιι.
1706 1970 1738 1993 v.

205 2019 458 2052 Beronum-ees.

318 2076 340 2108 2
365 2070 517 2117 Septem
541 2082 668 2107 versus
690 2070 892 2117 perierunt.

319 2133 340 2164 3
365 2127 458 2163 Octo
482 2138 610 2164 versus
634 2126 834 2173 perierunt.

318 2189 340 2220 4
365 2184 475 2220 Codst
501 2198 565 2220 san
585 2212 790 2220 ........
832 2184 952 2220 Maius
975 2184 1100 2229 posuit
1129 2183 1167 2218 in
1197 2183 1302 2219 textu
1327 2183 1527 2219 lectionem
1551 2183 1739 2226 margini

320 2246 341 2278 5
366 2240 578 2287 Sequuntur
595 2241 772 2287 quattuor
787 2240 998 2276 litterarum
1014 2239 1184 2284 vestigia
1194 2260 1238 2266 -
1252 2239 1305 2275 Cf.
1320 2239 1464 2283 Dignst.
1480 2239 1622 2275 XLVII
1644 2244 1674 2275 7.

205 2290 342 2335 Paulus
373 2297 416 2333 V.
444 2302 500 2333 20.
551 2300 677 2334 Maius

300 2359 340 2390 6
365 2353 490 2401 Codex
515 2353 636 2389 addit.
669 2352 851 2389 SOLLE.
873 2383 879 2389 .
920 2353 1154 2390 Ecksteinius
1180 2353 1544 2400 suspic·it11rsc·11icct
1571 2354 1700 2400 suppl«
1705 2365 1740 2387 ιι-

207 2412 295 2447 dum
320 2422 413 2447 esse.

319 2471 339 2504 ’1
365 2466 505 2503 Codex:
532 2466 663 2503 CANN
688 2494 696 2503 .
725 2494 732 2501 .
760 2495 766 2502 .
793 2466 870 2502 UIS
899 2495 905 2501 .
933 2493 941 2501 .
968 2495 975 2501 .
999 2466 1044 2502 'N
1064 2495 1069 2502 .
1092 2494 1098 2501 .
1120 2495 1126 2501 .
1179 2466 1263 2502 Non
1287 2466 1455 2500 divinare
1480 2476 1627 2510 possum
1654 2465 1740 2508 quid

207 2526 335 2561 lateat.
384 2523 619 2559 Postremum
643 2522 866 2558 vocabulum
892 2523 1061 2568 suspicor
1085 2534 1166 2558 csse
1191 2535 1297 2559 nemo.

320 2585 341 2617 8
366 2579 541 2624 Sequitur
571 2578 659 2615 Cod.
692 2591 727 2625 p.
755 2583 832 2615 303.
881 2579 922 2614 Ιιι
954 2581 1122 2614 extrema
1152 2589 1240 2624 pag.
1267 2581 1333 2613 304
1357 2579 1437 2612 tres
1468 2588 1594 2612 versus
1626 2577 1740 2621 perit»

208 2639 302 2673 runt.
359 2636 541 2681 Pleraque
566 2635 692 2671 omnia
715 2635 753 2670 in
777 2646 864 2680 pag.
891 2639 957 2672 303
982 2647 1026 2670 ex
1051 2634 1220 2678 margine
1246 2635 1341 2668 sunt.

320 2699 341 2730 9
366 2693 395 2728 E
420 2691 590 2737 margine
614 2691 815 2736 superiore..

304 2755 343 2786 10
366 2749 396 2784 E
421 2748 590 2794 margine
616 2747 815 2793 superiore.

302 2812 339 2841 11
367 2806 397 2841 Ε
421 2804 591 2850 margine
615 2803 748 2840 medio.

303 2868 342 2899 12
367 2862 396 2898 E
421 2861 590 2908 margine
619 2860 803 2897 inferiore.

1383 2916 1468 2958 13*
