1968 3158
677 174 947 212 EPISTULA&
973 172 1210 211 GRAECAE.
1646 171 1730 213 243

157 301 168 322 ⁸
190 291 414 347 «Ξκρεῖνταιι
445 291 636 344 τρέχειν,
668 291 755 342 ἐγὼ
787 291 834 333 δὲ
857 292 1016 333 τοῦτον
1045 289 1124 341 ἤδη
1155 290 1268 341 μῆνα
1295 286 1504 340 δεύτερον
1537 285 1731 339 εἴργομαι

189 363 269 406 τοῦ
300 360 410 413 πρὸς
441 359 547 412 ὑμᾶς
578 360 754 412 δρόμου.

263 468 266 472 .
304 429 455 482 Ἐχρῆν
493 429 537 471 δ’
566 427 651 481 ἄρα
680 428 817 472 πάςας
854 427 932 470 τὰς
969 426 1243 478 πανταχόθεν
1274 426 1478 476 γυναῖκας
1517 424 1587 466 ἐπὶ
1624 422 1725 466 ταύ-

189 511 267 550 την
311 498 389 550 τὴν
433 497 596 550 ἡμέραν
631 496 898 549 ἀθροίζεςθαι
950 495 1018 538 καὶ
1055 493 1275 547 ἑορτάζειν
1318 493 1373 536 τὰ
1426 493 1477 536 ςὰ
1514 493 1729 543 γενέθλια,

190 566 366 619 πρώτας
411 566 488 619 μὲν
533 569 623 608 τῶν
667 568 885 616 γυναικῶν
921 563 999 606 τὰς
1037 562 1304 616 φιλάνδρους
1342 562 1409 604 καὶ
1447 561 1732 614 φιλοτέκνους

191 635 259 678 καὶ
290 635 537 688 ςώφρονας,
576 633 778 686 δευτέρας
815 633 863 675 δὲ
895 631 989 674 ὅςαι
1021 630 1229 674 ἄπλαςτοι
1267 631 1334 673 καὶ
1373 629 1577 682 ἀψευδεῖς
1616 628 1731 679 εἰςίν,

191 702 334 755 τρίτας
364 703 411 745 δὲ
442 701 661 755 ἑορτάζειν
691 702 769 744 τὰς
799 700 1078 752 εὐγνώμονας
1115 699 1184 742 καὶ
1214 698 1495 751 εὐπροςίτους
1526 698 1594 740 καὶ
1613 696 1645 752 ss²
1663 696 1732 740 εύ-

191 771 492 824 προςηγόρους
522 771 588 812 καὶ
619 769 824 824 ἀτύφους.
883 762 1052 812 Πολλαὶ
1081 768 1125 810 δ’
1162 767 1216 810 ἂν
1253 768 1320 809 καὶ
1360 766 1485 809 ἄλλαι
1515 767 1732 816 γυναικῶν

191 838 329 883 τάξεις
358 838 559 889 γένοιντο
597 841 687 881 τῶν
720 838 783 881 ςοὶ
813 836 969 890 μέρους
998 835 1115 878 τινὸς
1146 834 1327 878 ἐπαίνου
1349 835 1416 877 καὶ
1437 833 1591 887 ἀρετῆς
1616 847 1733 886 μετε-

191 909 365 960 χουςῶν
380 906 411 958 3,
437 908 514 950 coi)
537 907 614 958 μὲν
637 906 802 949 ἁπάςας
825 906 900 948 τὰς
923 904 1090 955 γυναικὶ
1110 903 1358 956 πρεπούςας
1381 902 1536 954 ἀρετὰς
1557 903 1624 944 καὶ
1645 902 1734 944 ἐπι-

194 976 348 1027 ςτήμας
364 975 617 1028 κεκτημένης
633 975 700 1016 καὶ
716 973 1011 1026 ἑπιςταμένης,
1030 972 1173 1024 ὥςπερ
1189 972 1214 1023 ἡ
1225 972 1380 1023 Ἀθηνᾶ
1396 971 1549 1023 τέχνας
1565 971 1734 1013 ἁπάςας

193 1044 385 1096 κέκτηταί
405 1058 450 1087 τε
471 1045 540 1087 καὶ
559 1043 788 1097 ἑπίςταται,
812 1045 906 1084 τῶν.
925 1041 1072 1084 ἄλλων
1096 1041 1144 1082 δὲ
1172 1041 1388 1090 γυναικῶν
1412 1039 1459 1081 ἕν
1481 1053 1520 1081 τι
1541 1042 1615 1091 τῆς
1637 1038 1733 1091 ἀρε-

193 1114 269 1164 τῆς
289 1113 419 1165 μέρος
440 1112 615 1166 ἑκάςτης
637 1111 914 1163 ἑπιςταμένης
935 1110 1002 1152 καὶ
1020 1109 1128 1152 κατὰ
1143 1110 1276 1150 τοῦτο
1293 1107 1618 1159 ἑπαψουμένης,
1641 1107 1734 1149 οἷος

195 1180 221 1223 ὁ
242 1183 331 1224 τῶν
361 1181 551 1224 Μουςῶν
572 1180 751 1223 ἔπαινος
781 1179 828 1221 ἐκ
849 1180 942 1231 μιᾶς
963 1178 1115 1231 τέχνης
1138 1178 1234 1219 καθ’
1257 1176 1433 1229 ἑκάςτην
1464 1175 1733 1231 διῃρημένος.

309 1249 352 1291 Εἰ
389 1250 434 1292 δ’
469 1248 523 1301 ἦν
562 1248 648 1298 ἐγὼ
689 1248 775 1301 πρὸ
813 1245 984 1301 θύρας4,
1032 1245 1289 1296 εἰςαγωγεύς
1324 1258 1386 1287 τις
1433 1243 1543 1286 εἶναι
1588 1244 1735 1295 λαχὼν

193 1320 282 1360 τῶν
313 1320 388 1369 τῆς
411 1317 563 1369 ἑορτῆς
584 1316 731 1369 ἀξίων,
761 1316 937 1368 πρώτας
958 1315 1012 1358 ἂν
1033 1315 1204 1370 Ὁμήρῳ
1227 1312 1482 1366 πειθόμενος
1508 1313 1736 1354 ἀπέκλειςα

195 1387 272 1428 τὰς
307 1387 387 1438 τὴν
425 1385 600 1428 εὔνοιαν
632 1385 904 1438 ψευδομένας
944 1384 1010 1426 καὶ
1046 1383 1342 1435 πλαττομένας
1380 1382 1447 1423 καὶ
1478 1381 1627 1433 ἕτερον
1658 1380 1734 1430 μέν

194 1468 232 1497 τι
262 1454 496 1496 κευθούςας
528 1454 591 1496 ἑνὶ
621 1453 787 1507 φρεςίν,
819 1451 928 1494 ἄλλο
958 1453 1006 1494 δὲ
1036 1451 1256 1502 λεγούςας,
1288 1449 1459 1492 ἅπαντα
1490 1450 1537 1491 δὲ
1567 1449 1619 1490 τὰ
1648 1447 1735 1489 ἀπὸ

194 1523 389 1573 γέλωτος
419 1522 538 1574 μέχρι
568 1521 767 1575 δακρύων
798 1519 1182 1573 προςποιουμένας.
1234 1519 1289 1560 Ὅ
1327 1531 1395 1560 τοι
1424 1517 1564 1567 γέλως
1594 1515 1737 1558 οὕτως

195 1591 246 1633 τὸ
292 1591 392 1643 πρὶν
439 1590 601 1632 ἄδολος
640 1588 751 1632 εἶναι
802 1588 1010 1642 πεφυκὼς
1054 1587 1114 1630 ὡς
1160 1587 1227 1628 καὶ
1271 1587 1374 1628 τοὺς
1421 1584 1606 1627 ὀδόντας
1646 1586 1735 1626 τῶν

196 1659 430 1710 γελώντων
461 1657 754 1711 ἐπιδεικνύειν,
794 1657 852 1699 εἰς
890 1658 1100 1698 τοςοῦτον
1137 1654 1216 1706 ἤδη
1247 1654 1520 1706 περιέςτηκεν
1552 1666 1735 1704 κακομη-

197 1726 348 1780 χανίας
378 1726 446 1768 καὶ
476 1726 668 1779 ἐνέδρας,
702 1725 762 1767 ὡς
793 1725 860 1767 καὶ
889 1724 942 1766 τὰ
973 1723 1118 1776 χείλη5
1148 1723 1349 1775 κρύπτειν
1380 1723 1469 1764 τῶν
1502 1721 1545 1764 ἐξ
1567 1721 1738 1774 ἐπιβου-

198 1798 274 1847 λῆς
318 1794 680 1847 προςγελώντων.
745 1792 963 1836 Γυναικεία
1001 1793 1052 1844 δή
1090 1804 1151 1834 τις
1196 1790 1301 1843 αὕτη
1339 1790 1438 1832 θεὸς
1483 1790 1601 1842 παρὰ
1645 1790 1738 1831 ταῖς

198 1863 409 1906 πλείςταις
429 1866 518 1906 τῶν
538 1866 755 1913 γυναικῶν
777 1861 1049 1914 θρηςκεύεται
1069 1860 1095 1911 ἡ
1118 1859 1296 1911 Ἀπάτη·
1317 1858 1435 1909 ἥτις6
1450 1860 1560 1909 γοῦν
1582 1858 1738 1910 Ἀφρο-

199 1932 315 1984 δίτης
345 1931 502 1983 τόκ(ος)
535 1931 582 1972 ἐκ
611 1932 791 1973 πολλῶν
821 1943 954 1972 τινων
986 1929 1053 1971 καὶ
1069 1927 1277 1970 ποικίλων
1298 1928 1481 1979 θηλειῶν
1512 1939 1739 1968 καταςκευ-

200 1998 438 2052 αςαμένης7
474 2030 1020 2040 ..............
1580 2000 1583 2001 ’

787 2065 863 2107 III.
917 2065 1158 2120 (Ἡρώδῃ.)

399 2159 407 2166 .
439 2124 473 2166 ,8
503 2138 632 2177 τερον
663 2137 711 2174 γε
751 2123 810 2165 ὡς
840 2138 864 2174 η
899 2155 908 2163 .
941 2155 950 2164 .
981 2123 1110 2174 ἡμᾶς·
1141 2122 1192 2164 τὸ
1223 2121 1270 2163 δὲ
1300 2119 1534 2173 μετριάζειν
1566 2120 1613 2162 ἐν
1650 2121 1739 2162 τοῖς

201 2194 370 2246 ἥττοςιν
402 2195 547 2235 κακοῖς
584 2191 639 2234 οὐ
670 2191 893 2234 δύςκολον.
955 2191 1022 2232 Ἐν
1058 2189 1185 2232 παντὶ
1215 2190 1291 2242 μὲν
1321 2189 1404 2242 γὰρ
1435 2189 1486 2230 τὸ
1516 2188 1623 2230 κατὰ
1653 2201 1741 2230 παν

294 2306 297 2308 .
317 2276 335 2307 1
360 2271 508 2307 Malim:
540 2271 739 2316 ἀφίενται..

316 2333 336 2364 2
362 2327 497 2374 Incipit
522 2327 610 2363 Cod.
636 2327 808 2365 Ambros.
834 2338 870 2373 p.
900 2330 974 2363 148.

317 2389 338 2420 3
364 2384 452 2419 Cod.
479 2385 659 2428 μετέχων.
708 2383 795 2419 Mox
824 2382 1013 2418 Iaeobsius
1044 2381 1258 2418 emendavit
1287 2382 1329 2416 ἕν
1353 2392 1388 2416 τι
1414 2384 1482 2425 τῆς
1508 2381 1646 2424 ἀρετῆς
1670 2390 1740 2425 pro

207 2440 353 2476 Codicis
377 2439 536 2475 lectione
561 2441 635 2475 ἐπί.

323 2501 344 2531 4
367 2496 505 2531 Maius:
536 2497 678 2541 θύραις.
727 2495 950 2531 Emendavitz
973 2495 1170 2531 Iacobsius.

322 2557 342 2588 5
364 2552 425 2588 Ita
447 2552 578 2588 Maius.
628 2552 750 2587 Hodie
776 2552 934 2598 apparet
957 2551 995 2586 in
1021 2551 1172 2587 Codice:
1197 2548 1404 2587 XCxxPH.

321 2614 341 2644 6
368 2609 456 2645 Cod.
481 2621 549 2645 τις.
1400 2618 1402 2621 ·

319 2670 338 2702 7
365 2665 452 2701 Cod.
479 2668 638 2713 θελειων
662 2665 1042 2709 καταςκευαςαμένης.
1066 2663 1168 2699 Haec
1191 2662 1323 2698 ultima,
1346 2661 1463 2697 verba
1486 2673 1595 2697 sensu
1612 2672 1739 2697 vacua.

204 2723 395 2759 Iacobsius
420 2722 566 2758 scribit:
602 2725 671 2766 τῆς
695 2741 740 2747 -
763 2723 784 2756 δ
808 2722 923 2757 τόκος
947 2741 991 2746 -
1015 2719 1160 2765 θηρίων
1186 2719 1567 2762 καταςκευαςάμενος.
1615 2716 1742 2762 Sequi-

205 2782 267 2815 tur
293 2779 381 2815 Cod.
407 2779 568 2815 Ambros
592 2791 628 2825 p.
657 2781 736 2822 147,
760 2789 856 2824 quae
879 2776 956 2822 legi
980 2776 1120 2822 nequit.

318 2841 339 2873 8
363 2836 444 2871 Hoc
466 2836 722 2881 fragmentum
745 2834 802 2870 bis
826 2834 965 2880 legitur
988 2833 1026 2868 in
1053 2833 1187 2868 Codice
1215 2831 1474 2875 Ambrosiano,
1505 2830 1620 2867 semel
1643 2830 1742 2865 vide-

205 2893 293 2929 licet
317 2894 356 2929 et
370 2893 514 2939 plenius
539 2894 627 2929 ante
651 2891 848 2938 epistolam
864 2891 913 2926 ad
929 2890 977 2927 M.
997 2890 1211 2926 Caesarem:
1237 2903 1323 2936 quae
1346 2895 1414 2925 sint
1439 2901 1541 2924 aures
1565 2891 1743 2930 hominum,

1388 2946 1471 2988 16*
