1968 3158
296 133 379 175 236
749 133 796 167 Μ.
825 133 1051 168 CORNELII
1075 135 1351 173 FRONTONIS
1389 166 1393 170 .

296 271 375 309 que
405 270 472 296 me
510 269 661 309 parum
698 258 847 312 gratus
888 257 1099 314 quispiam
1135 263 1328 315 repertus
1365 263 1604 318 segniorem
1651 266 1816 309 effecit¹

296 323 348 363 ad
390 322 597 364 beneficia
628 337 916 379 quaecumque
953 318 1137 381 possem'
1157 331 1354 383 prompte
1390 330 1672 385 inpertienda.
1733 333 1817 376 Ne-

294 404 374 444 que
415 404 494 445 ego
531 405 719 445 unquam
755 392 940 447 ingratis
978 393 1178 435 offensior
1217 395 1338 450 1²fui.
1401 396 1483 439 Sed
1521 399 1626 441 mihi
1659 432 1668 442 .
1704 433 1713 442 .
1745 402 1816 444 ob-

295 459 461 499 aeratos
496 458 543 499 in
580 473 625 499 re
659 492 667 500 .
703 491 711 499 .
755 474 849 510 cum
891 493 900 501 .
935 493 944 502 .
984 462 1132 516 putavi
1173 495 1182 503 .
1218 495 1226 504 .
1289 463 1496 519 Cuperem
1534 467 1730 521 equidem
1761 501 1771 510 .
1806 502 1815 511 .

294 525 416 567 male.
458 525 607 567 Finem
640 559 648 567 .
685 559 693 567 .
726 528 852 569 teneo
885 561 893 569 .
929 561 938 569 .
970 528 1080 570 male
1113 562 1122 571 .
1159 563 1167 570 .
1201 545 1328 585 quam
1361 564 1370 572 .
1406 565 1414 573 .
1449 531 1493 575 Si
1523 533 1642 576 vobis
1675 549 1818 578 carere

340 625 349 633 .
382 607 556 648 operam
579 626 588 634 .
614 626 639 647 .,
663 593 810 636 Sentio
844 628 852 637 .
888 628 896 636 .
929 610 996 637 me
1026 597 1224 650 proderes
1249 631 1257 639 .
1293 631 1302 640 .
1336 614 1464 653 quam
1489 633 1498 641 .
1524 633 1533 642 .
1557 601 1642 643 leto
1674 602 1817 646 colens

294 662 336 701 et
374 662 489 702 statu
527 661 728 717 mentis1³
763 695 770 703 .
807 695 815 703 .
852 695 861 704 .
895 662 1058 705 doleam
1096 697 1104 706 .
1139 698 1148 706 .
1183 665 1297 707 aliud
1330 700 1337 707 .
1373 700 1382 708 .
1415 670 1584 722 reperto
1617 701 1626 710 .
1661 702 1672 712 .
1699 671 1817 726 apud

295 760 303 768 .
339 761 347 768 .
381 728 436 770 tis
470 762 478 769 .
515 762 522 770 .
564 743 668 771 sona
704 730 909 772 mundum
950 764 959 772 .
995 764 1003 772 .
1044 732 1182 774 solver
1214 766 1223 774 .
1259 767 1268 775 .
1302 735 1495 777 veritatis
1533 739 1680 779 nostra
1722 752 1817 780 cum

292 795 321 836 ii
353 810 396 837 se
425 796 620 852 indigere
651 798 821 840 solacio.
882 798 938 839 Di
971 832 980 840 .
1015 832 1024 840 .
1057 799 1190 841 filiam
1223 834 1232 842 .
1267 835 1276 843 .
1309 817 1516 857 generum
1548 837 1557 844 .
1594 837 1603 845 .
1637 819 1726 847 mes
1759 838 1770 847 .
1805 839 1813 847 .

291 863 413 904 domo
446 897 454 905 .
491 897 500 905 .
533 865 598 905 bis
638 898 646 906 .
683 898 690 907 .
724 880 840 907 nunc
877 866 928 907 de
961 899 969 908 .
1006 899 1015 908 .
1048 882 1226 922 quorum
1258 902 1266 910 .
1303 902 1311 910 .
1344 870 1593 912 vastitatem
1625 905 1634 913 .
1670 905 1679 913 .
1715 905 1724 914 .
1759 905 1777 919 ·.
1804 906 1814 914 .

294 963 1629 981 ...............................
1645 939 1678 994 1⁴
1707 939 1816 982 Mul-

290 1000 381 1039 tum
411 1002 454 1040 et
483 1001 672 1055 graviter
702 1001 828 1055 valui,
861 1001 919 1043 mi
950 1002 1093 1044 Marce
1125 1003 1355 1046 carissime.
1397 1004 1510 1047 Dein
1541 1007 1708 1049 casibus
1739 1007 1816 1050 mi-

290 1066 476 1108 serrimis
515 1067 710 1110 adflictus
749 1070 890 1110 sum⁵z
928 1085 1102 1112 uxorem
1140 1071 1284 1126 amisi,
1317 1074 1519 1127 nepotem
1556 1073 1603 1115 in
1640 1073 1815 1117 Germa-

267 1129 364 1175 'nia'
381 1134 396 1159 ‘⁵
441 1135 590 1177 amisi:
643 1136 843 1181 miserum
892 1137 1013 1178 me⁷!
1073 1138 1379 1181 Decimanum8
1431 1142 1625 1183 nostrum
1676 1142 1813 1184 amisi.

289 1199 468 1243 Ferreus
499 1202 534 1243 si
565 1217 713 1257 essem,
746 1203 868 1258 plura
899 1204 1083 1247 scribere
1113 1220 1201 1248 non
1231 1222 1399 1262 possem
1427 1208 1510 1250 isto
1540 1209 1587 1250 in
1608 1210 1813 1264 tempore.

288 1267 464 1311 Librum
493 1270 589 1312 misi
621 1270 699 1312 tibi
731 1286 856 1326 quem
886 1286 963 1326 pro
993 1273 1189 1315 omnibus
1219 1273 1411 1317 haberes

854 1353 956 1402 Leyz'
982 1354 1207 1394 Emendavi
1212 1353 1244 1394 ⁹.

840 1439 898 1481 M.
930 1439 1263 1485 FRONTONIS

796 1518 860 1553 DE
889 1518 1083 1555 NEPOTE
1114 1519 1301 1556 AMISSO.

403 1634 420 1664 1
448 1629 555 1665 Ood.:
581 1633 698 1675 efficit.

402 1690 422 1721 2
445 1686 580 1732 Incipit
611 1686 698 1722 Cod.
729 1700 764 1732 p.
795 1691 874 1732 181,
901 1688 939 1723 in
965 1700 1039 1733 qua
1063 1689 1173 1725 hodie
1197 1690 1249 1725 nil
1272 1691 1409 1736 legitur
1433 1693 1585 1737 praeter
1609 1693 1681 1728 duo
1706 1703 1814 1729 voca-

288 1743 376 1777 bula
401 1743 448 1778 ab
473 1742 590 1778 initio.

403 1805 423 1835 3
448 1799 622 1844 Sequitur
647 1800 734 1835 Cod.
760 1813 796 1846 p.
825 1804 906 1844 196,
931 1801 1061 1836 itidem
1085 1803 1248 1847 pessime
1272 1804 1413 1840 habita.

400 1859 421 1890 4
446 1855 581 1901 Incipit
610 1855 698 1891 Cod.
731 1869 766 1902 p.
798 1861 870 1893 195.
923 1857 958 1892 C.
993 1858 1031 1893 F.
1064 1858 1123 1894 W.
1149 1859 1326 1895 Mullerus
1356 1860 1396 1895 in
1418 1862 1549 1897 Annal.
1584 1861 1812 1898 Fleckeiseni

287 1911 403 1946 XCIII
426 1924 462 1957 p.
489 1916 556 1948 490
580 1911 722 1947 scribit:
747 1918 901 1958 yraviter
926 1917 1028 1949 dolui.

401 1972 420 2003 5
448 1967 552 2003 Cod.:
580 1977 655 2003 tum.

400 2027 420 2058 6
444 2024 587 2069 Nempe
610 2024 649 2059 in
674 2027 837 2060 exercitu
860 2026 977 2071 patris
999 2027 1129 2063 contra
1154 2027 1281 2064 Cattos
1306 2029 1490 2065 bellantis.
1517 2032 1561 2066 cf.
1590 2031 1747 2077 Capitol.
1772 2031 1811 2067 in

287 2080 400 2115 Marc.
425 2084 457 2115 8.

401 2141 420 2171 7
444 2137 502 2172 Ita
528 2136 659 2172 CodeX.
708 2136 827 2172 Maius
852 2142 1054 2175 miserrume.

400 2196 420 2227 8
445 2193 577 2228 Utrum
606 2192 827 2228 Decimanus
858 2204 994 2230 nomen
1019 2195 1067 2230 sit
1090 2196 1236 2241 nepotis
1267 2208 1314 2232 an
1345 2197 1437 2233 alius
1466 2198 1625 2234 hominis
1657 2199 1808 2235 definire

287 2259 361 2283 non
384 2248 513 2284 audeo.
568 2252 605 2283 Τ.
637 2253 780 2284 Vettium
812 2253 1025 2285 Decimanum
1053 2251 1138 2297 lego
1170 2253 1268 2298 apud
1300 2253 1500 2289 Gruterum
1528 2267 1564 2300 p.
1591 2258 1668 2290 428.
1700 2261 1741 2291 10
1770 2256 1809 2290 in

287 2303 401 2347 notis3
426 2304 465 2339 L.
492 2304 711 2340 Decumium
734 2305 987 2341 Decumanum
1018 2308 1118 2353 apud
1141 2308 1386 2344 Muratorium
1414 2321 1450 2355 p.
1480 2314 1576 2347 1984.
1603 2315 1634 2346 4.
1681 2315 1808 2348 Maius.

400 2365 420 2396 9
444 2361 557 2396 Manu
581 2362 810 2398 correctoris.
