1968 3158
247 183 344 213 xxx
823 159 1198 198 PROLEGOMENA.

361 282 539 325 Cir-citer
570 293 729 320 annum
762 278 841 319 163
872 276 939 319 vel
968 268 1096 334 paulo
1125 278 1224 331 post
1254 276 1435 330 scriptas
1466 290 1557 317 esse
1589 275 1770 318 coniicio

247 354 334 393 tres
373 348 571 404 epistolas
610 346 764 387 amoris
801 345 952 399 plenas
992 345 1045 386 ad
1084 344 1248 386 Anton.
1281 343 1316 398 I,
1350 344 1390 385 3.
1421 343 1462 385 4.
1494 344 1536 386 5.
1604 344 1771 399 Operae

247 418 431 473 pretium
470 417 534 456 est
571 414 732 467 videre,
779 414 941 468 quanto
982 427 1108 467 opere
1146 411 1426 467 philosophus
1466 411 1681 454 rhetorem
1712 411 1771 453 di-

247 484 409 526 lexerit.

358 551 502 592 Rebus
533 550 578 590 in
601 548 723 604 Syria
752 563 953 603 prospere
985 548 1132 603 gestiS,
1166 547 1338 589 circiter
1359 562 1521 588 annum
1544 546 1772 601 165,-scri-

247 622 321 674 pta
351 620 415 660 est
443 618 575 672 longa
606 617 659 657 ad
689 616 850 657 Verum
881 615 1062 670 epistola
1081 614 1138 669 Π,
1165 615 1203 669 1,
1235 615 1282 656 in
1312 629 1395 670 qua
1426 615 1545 656 ducis
1576 614 1774 670 eloquen-

246 688 306 728 tia
344 687 461 728 miris
497 685 632 726 modis
669 684 715 725 in
754 684 919 728 caelum
950 683 1137 725 effertur.
1199 682 1335 732 Quam
1375 698 1506 738 quum
1537 683 1775 738 accepisset

247 754 494 795 Antoninus
524 753 775 808 legendam,
809 751 982 806 scripsit
1010 750 1068 805 II,
1100 751 1151 805 33
1182 751 1294 806 quod
1324 751 1554 793 dolendum
1585 753 1671 805 est,
1711 764 1775 792 re-

247 822 419 877 spondit
455 820 683 862 Frontonis
723 819 904 874 epistola
939 819 1132 861 nondum
1175 819 1308 861 lecta:
1357 819 1503 874 itaque
1540 819 1648 860 scire
1685 833 1774 860 non

246 904 490 944 possumus,
530 888 630 943 quid
669 888 719 929 de
756 889 846 928 tam
891 886 1017 928 foeda
1063 887 1307 928 adulatione
1351 887 1618 929 iudicaverit.
1679 886 1774 936 Hoc

249 960 361 999 certe
390 957 512 999 video
541 957 805 997 Frontonem
834 954 880 996 in
911 954 1058 996 Marco
1087 955 1300 996 laudando
1341 954 1474 997 solere
1513 969 1604 996 esse
1635 954 1774 996 mode-

247 1026 433 1067 stiorem.

359 1093 458 1134 Non
503 1085 702 1133 definiam
746 1093 915 1146 tempus
961 1105 1043 1146 quo
1087 1090 1247 1132 Fronto
1286 1090 1468 1132 Gavium
1512 1090 1685 1133 Clarum
1727 1091 1775 1134 in'

216 1155 219 1159 ’
248 1162 396 1202 Asiam
433 1161 723 1215 profecturum
764 1159 878 1200 Vero
919 1159 1251 1213 commendavit,
1291 1158 1355 1213 II,
1398 1159 1436 1200 7.
1508 1158 1591 1201 Sed
1636 1158 1775 1208 Verus

247 1231 434 1284 rogarat,
467 1231 515 1269 ut
536 1227 617 1269 sibi
638 1227 868 1268 Frontonis
890 1227 1105 1269 orationes
1134 1227 1182 1268 in
1206 1226 1372 1282 Syriam
1402 1241 1534 1281 usque
1555 1227 1775 1286 mitteren-

248 1299 336 1338 tur:
368 1299 469 1337 sunt
499 1311 549 1337 ea
579 1297 629 1337 de
660 1310 705 1337 re
737 1296 844 1336 duae
876 1295 1081 1350 epistolae
1113 1295 1166 1336 ad
1186 1295 1350 1336 Anton.
1383 1294 1440 1349 II,
1475 1295 1499 1336 7
1531 1296 1574 1336 et
1603 1294 1643 1337 8.
1685 1294 1773 1337 Ita-
1831 1286 1834 1288 μ

199 1382 207 1389 ·
248 1379 328 1419 que
349 1364 507 1405 Fronto
528 1364 600 1418 qui
630 1378 767 1419 nuper
797 1377 972 1404 uxorem
1003 1365 1046 1405 et
1075 1364 1276 1418 nepotem
1307 1362 1522 1417 amiserat,
1555 1363 1628 1417 qui
1660 1362 1772 1417 apud

247 1447 291 1473 se
314 1433 574 1473 educabatur
593 1457 648 1462 —-
668 1432 787 1473 brevi
815 1433 915 1472 ante
944 1431 1051 1473 alius
1081 1446 1214 1487 nepos
1242 1431 1290 1472 in
1321 1430 1552 1473 Germania
1582 1433 1774 1473 mortuus

248 1502 352 1554 erat,
385 1514 467 1555 quo
498 1514 630 1555 gener
661 1500 749 1541 eius
781 1499 977 1541 Aufidius
998 1498 1247 1541 Victorinus
1275 1499 1476 1541 adversus
1497 1498 1645 1540 Cattos
1676 1498 1774 1540 mis—

248 1583 317 1609 sus
349 1570 461 1622 erat,
503 1568 553 1608 de
583 1582 665 1623 quo
697 1582 797 1609 casu
827 1581 956 1609 senex
986 1567 1186 1609 flebiliter
1215 1567 1408 1623 queritur
1437 1567 1484 1608 in
1515 1566 1695 1622 epistola
1725 1570 1776 1608 de

248 1639 400 1688 Nepote
428 1639 580 1678 Amisso
599 1661 655 1667 ——
675 1636 890 1678 orationes
918 1635 1055 1677 mittit
1086 1650 1181 1677 cum
1202 1635 1341 1690 Epist.
1371 1635 1424 1676 ad
1444 1634 1544 1677 Ver.
1566 1634 1624 1689 II,
1643 1634 1683 1690 9,
1707 1634 1776 1676 cui

247 1703 384 1744 Verus
405 1704 635 1758 respondet
649 1703 707 1758 II,
730 1704 794 1745 10.
831 1703 965 1745 Ρ31110
981 1705 1079 1758 post
1094 1704 1140 1745 in
1157 1703 1296 1758 Epist.
1316 1703 1373 1757 II,
1391 1703 1418 1744 3
1434 1702 1674 1757 Imperator
1687 1717 1774 1753 mass

247 1771 430 1826 gistrum
454 1772 643 1827 rogavit,
668 1774 717 1813 ut
744 1787 886 1813 rerum
911 1787 936 1813 3
966 1786 1010 1814 se
1039 1773 1260 1827 gestarum
1287 1770 1511 1813 historiam
1538 1770 1774 1813 conscribe-

247 1841 331 1893 ret,
362 1839 542 1881 mirifica
563 1842 664 1881 sunt
694 1841 783 1881 eius
816 1840 994 1882 consilia
1024 1840 1075 1881 de
1105 1839 1272 1881 ratione
1292 1839 1517 1880 historiam
1546 1838 1772 1880 scribendi.

248 1906 344 1947 Hac
374 1922 539 1962 quoque
569 1909 614 1950 in
636 1922 681 1949 re
708 1908 870 1952 Fronto
899 1908 1107 1963 principis
1137 1907 1351 1949 voluntati
1381 1907 1607 1948 obsecutus
1638 1908 1703 1948 est
1732 1908 1776 1948 et

249 1974 421 2028 scripsit
450 1975 681 2031 exordium,
716 1976 784 2018 cui
804 1976 980 2017 titulum
1010 1976 1127 2018 dedit
1147 1979 1363 2027 Principia
1392 1979 1597 2017 historiae.
1642 1974 1695 2016 In
1726 1989 1775 2016 eo

250 2042 451 2096 opusculo
481 2057 547 2084 res
578 2046 726 2098 gestae
753 2044 898 2086 Avidii
929 2043 1065 2086 Cassii
1095 2043 1209 2085 Vero
1239 2043 1490 2084 tribuuntur
1521 2044 1564 2084 et
1593 2042 1774 2096 impera—

249 2111 336 2163 tor,
376 2110 448 2164 qui
485 2111 828 2166 quinquennium
858 2111 1117 2153 Antiochiae
1155 2103 1321 2152 desidia
1344 2112 1638 2165 transegerat,
1679 2125 1775 2175 cum
1807 2149 1812 2151 .

250 2178 424 2218 summis
455 2178 632 2220 ducibus
661 2179 934 2233 impudenter
965 2180 1250 2234 comparatur.
1292 2177 1414 2220 Fecit
1442 2178 1578 2233 igitur
1596 2177 1772 2232 Fronto,

250 2246 361 2299 quod
389 2246 594 2300 plurimos
623 2247 738 2288 illius
768 2247 870 2289 belli
900 2247 1130 2301 scriptores
1159 2246 1311 2288 fecisse
1343 2245 1544 2299 coniicio,
1577 2245 1650 2300 qui
1670 2245 1774 2287 Veri

250 2314 435 2367 gratiam
457 2316 701 2369 captarent3
730 2314 841 2356 nihil
863 2329 1008 2356 eorum
1027 2315 1238 2356 intererat
1257 2314 1359 2369 quid
1379 2313 1629 2368 scriberent,
1657 2313 1774 2354 dum-

249 2382 372 2422 modo
403 2382 643 2423 sententiae
673 2382 783 2424 bene
815 2383 1029 2424 caderent.
1072 2381 1288 2437 Superest,
1319 2383 1369 2422 ut
1399 2381 1500 2434 dixi,
1533 2381 1774 2435 exordium3
1855 2398 1875 2406 ⁵

250 2450 398 2503 quodsi
441 2452 588 2492 tamen
625 2450 785 2491 Fronto
828 2451 968 2491 totum
1010 2449 1171 2492 bellum
1216 2449 1489 2504 conscripsit,
1542 2448 1624 2490 hoc
1669 2463 1775 2504 opus

249 2517 414 2558 interiit
452 2520 495 2558 et
530 2518 658 2559 facile
690 2517 881 2559 contenti
921 2532 1066 2559 sumus
1103 2512 1370 2573 fragmento,
1418 2517 1531 2572 quod
1566 2517 1775 2570 γεύματος

251 2585 372 2635 χάριν
404 2585 457 2626 ad
485 2584 648 2627 Verum
676 2585 865 2640 miserat.

363 2652 495 2694 Paulo
526 2655 626 2694 ante
656 2653 842 2694 reditum
870 2652 975 2695 Veri
1005 2653 1190 2708 scriptae
1221 2655 1323 2695 sunt
1353 2652 1476 2707 epist.
1508 2651 1561 2693 ad
1581 2650 1682 2694 Ver.
1714 2651 1772 2706 ΙΙ,
1815 2701 1817 2703 ,

252 2718 280 2757 4
309 2720 351 2758 et
380 2719 419 2760 5.
479 2719 619 2762 Unica
656 2723 871 2776 superest,
919 2721 1110 2762 omnium
1146 2722 1196 2762 ut
1231 2721 1399 2762 videtur
1434 2719 1608 2774 ultima,
1647 2734 1776 2774 quam

255 2783 391 2825 Verus
422 2787 592 2841 scripsit
620 2789 667 2829 in
696 2788 882 2843 patriam
918 2789 1051 2830 redux
1079 2788 1115 2843 I,
1147 2788 1188 2829 2.
1250 2787 1461 2829 Credibile
1501 2789 1566 2828 est
1594 2787 1773 2828 Fronto-

255 2863 353 2891 nem
382 2853 507 2913 paulo
538 2857 635 2908 post
665 2858 816 2896 exacta
846 2858 987 2897 aetate
1018 2857 1130 2898 diem
1160 2855 1328 2897 obiisse.
