1968 3158
480 183 546 220 AD
571 183 619 219 M.
640 182 899 220 CAESAREM
923 182 986 219 ΕΤ
1011 180 1216 219 INVICEM
1240 180 1385 217 LIBER
1409 179 1453 216 V.
1687 180 1742 222 89

166 296 169 298 ’
201 300 351 359 grum¹
385 300 538 356 redigi,
572 314 622 342 ac
652 314 730 356 pro
760 301 804 342 te
835 298 1004 355 tuisque
1036 313 1085 341 ac
1116 297 1299 340 liberum
1319 298 1491 339 tuorum
1512 295 1743 338 commodis

200 369 462 413 1118011113111112
494 368 677 425 dependi
708 370 864 424 potest.
898 367 943 410 Si
973 366 1102 410 facile
1131 365 1302 422 ingredi
1332 379 1516 421 possem,
1549 363 1620 406 hic
1650 366 1744 406 erat

201 439 291 482 dies
322 453 405 495 quo
437 452 533 481 cum
554 437 703 494 primis
735 436 947 493 conplecti
978 438 1022 478 te
1054 449 1273 491 cuperem:
1313 433 1386 476 sed
1424 431 1743 476 concedendum

202 509 268 550 est
297 506 478 563 pedibus
516 505 701 560 scilieet,
741 504 912 560 quando
950 503 1033 560 ipsi
1071 518 1223 560 parum
1252 502 1504 559 procedunt.
1564 500 1661 557 Ego
1691 500 1743 542 de

203 590 411 632 aquarum
440 585 521 617 usu
551 574 738 616 delibero
749 574 777 615 ²⁵.
811 572 856 616 Si
888 572 1045 615 certius
1077 572 1179 628 quid
1210 573 1415 625 statuero,
1447 570 1607 613 faciam
1637 569 1743 611 tibi⁴

201 636 365 687 notum.
426 643 535 686 Vale
574 644 634 685 mi
671 641 856 684 Domine
887 640 1144 683 dulcissime.
1204 639 1457 682 Faustinam
1487 641 1607 681 tuam
1637 638 1744 680 meis

202 712 368 755 verbeis
400 711 570 768 appella
601 713 644 753 et
673 709 908 767 gratulare,
943 711 987 752 et
1010 710 1232 751 matronas
1262 711 1433 751 nostras
1454 724 1548 751 meo
1569 707 1744 750 nomine

203 780 462 835 exosculare,
496 777 583 834 sed,
617 779 679 821 uti
719 793 799 835 ego
837 778 965 833 80100,
1007 792 1103 821 cum
1140 777 1303 834 plantis
1338 777 1425 819 illis
1456 778 1499 820 et
1528 775 1742 818 manibus.

201 849 433 892 Dominam
463 848 615 890 saluta.

482 961 672 1006 XLIII.
704 961 781 1006 58.
825 961 1057 1016 Magistro
1085 961 1187 1005 Meo
1219 958 1456 1005 Salutem.

317 1054 466 1098 Salvos
497 1057 588 1098 esto
608 1054 747 1109 nobis,
781 1053 899 1096 salva
928 1054 986 1096 sit
1006 1052 1112 1095 tibi5
1144 1053 1293 1095 domus
1314 1054 1404 1107 tua,
1438 1051 1556 1094 salva
1576 1053 1745 1106 nostra3

196 1139 311 1181 ,quae
350 1125 387 1166 si
425 1123 616 1166 animum
654 1125 849 1166 nostrum
882 1124 1065 1179 spectes,
1111 1137 1200 1164 una
1246 1123 1312 1164 est
1359 1121 1509 1163 domus
1520 1129 1548 1162 ³.
1610 1119 1745 1162 Recte

203 1193 292 1250 scio
323 1194 480 1248 autem,
514 1192 551 1234 si
581 1191 649 1234 vel
679 1191 911 1234 difficulter
939 1190 1112 1248 ingredi
1142 1205 1304 1246 posses,
1347 1191 1578 1231 venturum
1617 1190 1661 1230 te
1692 1188 1746 1229 ad

202 1249 285 1304 1108
311 1261 458 1303 fuisse.
520 1259 603 1303 Sed
633 1260 779 1303 venies
817 1274 943 1316 saepe
983 1261 1027 1302 et
1056 1261 1200 1301 tecum
1239 1257 1563 1312 celebrabimus,
1605 1257 1641 1298 si
1679 1256 1746 1298 dei

202 1329 362 1385 volent,
395 1329 540 1371 omnia
576 1329 690 1371 festa
723 1330 884 1371 nostra.
936 1321 1045 1371 Vale
1083 1328 1142 1370 mi
1180 1327 1389 1384 magister
1423 1325 1743 1368 iucundissime.

203 1398 345 1441 Mater
374 1412 469 1441 mea
498 1399 542 1440 te
572 1397 745 1441 salutat.

647 1512 821 1556 XLIV.
853 1511 928 1555 59.
966 1511 1171 1556 Domino
1196 1511 1312 1554 Meo.

318 1604 447 1647 Pueri
477 1604 578 1646 dum
617 1619 639 1646 e
668 1604 835 1646 balneis
865 1619 933 1648 me
964 1603 1128 1659 sellula,
1170 1604 1226 1645 ut·
1258 1601 1468 1657 adsolent,
1509 1600 1743 1654 advehunt,
1799 1597 1805 1602 '

203 1673 507 1729 inprudentius
539 1672 592 1715 ad
613 1673 771 1715 ostium
790 1673 936 1715 balnei
956 1673 1128 1715 fervens
1160 1671 1431 1713 adflixerunt.
1470 1669 1539 1712 Ita
1560 1668 1747 1725 genumh

204 1741 311 1784 1111111
342 1741 469 1784 simul
507 1736 732 1784 abrasumc
763 1742 794 1798 1⁶
824 1744 867 1784 et
905 1742 1151 1784 ambustum
1194 1741 1279 1782 est:
1316 1740 1476 1795 postea
1514 1738 1645 1780 etiam
1681 1738 1746 1779 in-

205 1810 361 1867 guemd
394 1824 445 1852 ex
476 1810 618 1852 ulcere
647 1811 830 1853 extitit7.
877 1810 1031 1853 Visum
1060 1809 1237 1852 medicis
1268 1809 1316 1849 ut
1345 1807 1503 1850 lectulo
1534 1822 1601 1849 me
1629 1808 1747 1848 tene-

205 1894 308 1921 rem.
370 1877 498 1921 Hanc
533 1893 727 1934 causam,
768 1879 804 1921 si
833 1879 915 1921 tibi
944 1874 1180 1933 videbitur,
1229 1876 1360 1919 etiam
1390 1876 1576 1918 Domino
1606 1874 1748 1931 patri⁸

204 1950 280 1990 tuo
310 1947 536 2003 indicabis,
570 1948 607 1990 si
635 1949 784 1990 tamen
814 1947 1041 1990 videbitur.
1092 1947 1239 1989 Etiam
1271 1960 1364 1988 cras
1399 1944 1507 1987 mihi
1539 1944 1747 1986 adsisten-

207 2016 308 2058 dum
338 2015 420 2058 erit
436 2015 667 2058 familiari.
728 2015 949 2058 Hodierno
974 2016 1110 2072 igitur
1145 2015 1233 2057 otio
1264 2016 1308 2057 et
1337 2014 1480 2070 quiete
1510 2013 1649 2055 labori
1679 2026 1747 2053 me

321 2144 344 2168 a
368 2135 413 2167 In
436 2134 603 2176 margine:
630 2129 815 2166 Salva-sit
948 2152 1041 2156 ———
1068 2129 1124 2165 est
1148 2129 1289 2165 domus.

321 2190 346 2224 b
373 2191 417 2224 In
442 2192 610 2233 margine:
635 2187 715 2223 Hoc
740 2198 889 2233 genum,
913 2186 1022 2222 huius
1047 2197 1174 2232 genus.

322 2258 341 2282 e
369 2249 413 2281 In
437 2248 604 2290 margine:
636 2244 781 2287 Genum
804 2244 896 2279 mihi
921 2244 1107 2280 abrasum.
1160 2243 1336 2290 Superius
1367 2243 1436 2279 ait:
1474 2253 1590 2288 genus
1620 2241 1748 2277 dolore

208 2304 379 2350 arreptus
404 2315 495 2339 sum.

324 2361 348 2397 d
372 2364 418 2396 In
440 2364 609 2406 maryine:
635 2359 791 2406 Inguem
814 2370 884 2406 pro
907 2359 1057 2405 inguen.

326 2467 343 2498 1
370 2462 449 2499 Sec.
475 2474 523 2498 m.
551 2463 708 2498 fortasse
732 2466 768 2498 in
792 2466 975 2508 ineam-um,-
1005 2462 1071 2498 sed
1094 2474 1150 2508 pr.
1178 2474 1225 2497 m.
1253 2461 1353 2497 certe
1379 2459 1480 2506 quod
1506 2458 1603 2494 dedi.
1663 2457 1751 2493 Mox

210 2534 293 2557 acro
317 2530 386 2566 pro
411 2533 453 2555 ac
473 2533 552 2565 pro.

324 2581 345 2612 2
370 2575 645 2611 Ita‘evidenter
670 2575 805 2612 Codex.
857 2575 1056 2621 Ceteroqui
1080 2575 1224 2610 malim:
1250 2579 1286 2610 in
1309 2578 1461 2610 solidum.
1514 2575 1641 2608 Maius.

326 2639 347 2670 3
373 2633 513 2669 Codex:
528 2646 632 2668 -usum
656 2635 837 2677 deliberes,
862 2633 927 2668 sed
951 2643 1038 2668 mox
1063 2633 1217 2668 correct.
1422 2629 1425 2632 ”

270 2733 274 2736 γ
324 2694 347 2726 4
372 2689 662 2736 Superadditum
685 2690 724 2724 in
749 2689 895 2725 Codice.

326 2751 346 2783 5
372 2746 511 2783 Codex:
536 2749 685 2790 sittitibi,
711 2746 777 2782 sed
801 2756 889 2789 mox
913 2746 1066 2781 correct.

326 2808 347 2839 6
371 2803 505 2849 Incipit
530 2803 617 2839 Cod.
643 2803 728 2839 Vat.
754 2816 790 2850 p.
810 2807 883 2838 100.

327 2865 346 2897 7
371 2861 515 2907 Nempe
541 2860 733 2906 eleganter
757 2860 927 2908 exemplo
944 2859 1086 2905 Lucilii,
1112 2860 1156 2896 cf.
1176 2859 1306 2897 Festus
1330 2872 1363 2895 v.
1384 2861 1499 2896 Tama.

328 2921 349 2953 8
375 2917 463 2954 Cod.
489 2930 545 2964 pr.
572 2930 620 2954 m.
646 2925 760 2964 patre.
786 2919 791 2921 ⁴
