1968 3158
719 173 786 210 AD
810 172 990 210 AM1cos
1017 172 1161 209 LmER
1186 174 1231 209 11.
1665 153 1749 220 197⁸

205 288 508 344 suetissimum‚
555 288 870 344 doctissimum,
917 287 1179 344 piissimum,
1223 289 1270 331 in
1309 302 1438 332 causa
1474 304 1563 333 non
1603 291 1743 335 dicam

204 357 332 413 hona,
364 357 482 414 finge
513 358 628 400 enim
659 357 876 414 ambigua,
908 359 1032 399 tanto
1062 359 1168 400 natu
1197 371 1344 400 senem
1373 357 1641 414 prohibuisse
1672 374 1740 404 cu-

202 426 269 469 ria
296 425 484 469 interim.

318 493 397 538 Cui
427 494 581 538 aetati¹
606 494 798 538 omnium
829 494 996 537 vacatio
1025 507 1252 537 munerum
1283 495 1385 538 data
1416 498 1505 538 est-²
1530 530 1538 538 .
1566 496 1605 538 .²
1626 499 1740 540 aeta-

203 565 292 607 tem
321 562 442 606 nulla
471 562 554 619 lex,
587 563 623 605 si
653 563 925 605 sacramento
956 561 1217 618 adiguntur³
1251 597 1258 605 .
1295 563 1332 604 .⁴
1370 563 1454 606 mei
1485 566 1561 606 tua
1591 566 1634 607 et
1665 568 1740 609 aut

202 631 308 690 igno
341 665 350 674 .
386 665 394 674 .
455 630 558 675 Seni
588 630 868 687 septuaginta
905 643 1042 672 annos
1074 644 1246 686 egresso
1276 631 1496 688 insignem
1525 633 1738 677 maculam

202 699 383 757 infligis,
415 699 608 756 quando,
641 712 716 740 oro
746 700 810 754 te,
845 698 1132 741 abolendam?
1181 698 1447 749 Quantulum
1478 702 1593 743 enim
1622 702 1736 746 vitae

201 768 412 825 reliqum⁵
442 769 508 810 est
539 767 592 810 ad
623 766 862 809 exuendam
891 767 1118 809 infamiam
1149 769 1193 809 et
1221 767 1451 823 pristinam
1481 769 1740 826 dignitatem

201 835 546 894 sperandamssb?
611 834 707 877 Hoc
749 835 862 891 quod
901 849 1028 877 vocas
1072 835 1267 890 interim,
1315 837 1468 891 quanti
1515 838 1739 893 sperabit?

201 903 247 949 Si
277 904 491 960 tantisper
524 902 791 962 [dedisset]⁷,
830 902 1049 959 paulisper
1087 904 1290 959 sperabit.
1353 904 1456 954 Quis
1487 907 1624 962 segeti
1653 908 1737 949 tor-

199 973 319 1016 ridae
349 986 532 1015 messem
561 970 886 1028 procrastinat?
934 985 1016 1013 nec
1045 972 1159 1013 non⁸
1190 972 1284 1027 quis
1311 973 1571 1015 vindemiam
1600 976 1738 1017 matu-

199 1055 293 1084 ram
323 1056 372 1084 ac
402 1040 687 1083 distillantem
715 1039 950 1096 propellit?
979 1054 1061 1082 nec
1081 1039 1195 1082 non9
1218 1041 1312 1096 quis
1341 1043 1510 1097 tempus
1530 1045 1738 1098 prorogat

199 1110 337 1166 pomis
358 1109 535 1152 mitibus
557 1111 632 1151 aut
651 1108 827 1151 floribus
846 1108 1212 1150 marcescentibus
1230 1110 1304 1150 aut
1323 1109 1554 1166 facibus1¹⁰
1587 1111 1736 1153 arden-

198 1177 372 1220 tibusc?
410 1177 558 1220 Etiam
588 1177 667 1220 soli
691 1211 699 1219 .
727 1211 735 1219 .
770 1177 885 1219 centi
915 1176 1093 1219 verbum
1125 1178 1191 1218 est
1220 1176 1396 1219 interim
1425 1178 1516 1220 occi
1550 1212 1557 1219 .
1595 1211 1602 1219 .
1637 1192 1736 1221 con-

198 1246 357 1288 festim.
418 1245 586 1289 Vellem
617 1246 729 1288 sicut
758 1248 808 1288 tu
838 1259 985 1288 senem
1015 1244 1180 1300 differs,
1213 1246 1276 1288 ita
1307 1247 1425 1288 aetas
1456 1260 1622 1302 quoque
1655 1247 1735 1289 dif-

197 1313 363 1357 ferret‘1
411 1346 687 1357 .......
758 1313 1115 1368 Adulescentiae,
1161 1314 1376 1356 iuventuti
1414 1314 1582 1369 prolixa
1622 1315 1734 1358 vitae

199 1381 411 1425 curricula
441 1383 542 1425 data
572 1383 696 1436 sunt,
720 1435 723 1438 ι
745 1381 856 1424 sicut
894 1381 1043 1424 diebus
1081 1383 1125 1424 et
1154 1381 1354 1430 noctibus
1384 1382 1603 1425 interdum
1632 1382 1734 1425 licet

197 1464 290 1493 esse
318 1450 480 1507 longis:
513 1451 710 1493 senectus
742 1448 1039 1505 crepusculum
1069 1451 1148 1505 est,
1181 1450 1295 1505 quod
1316 1449 1494 1506 longum
1525 1465 1616 1494 esse
1646 1465 1735 1494 non

197 1520 364 1575 potest⁸
398 1552 585 1560 .....
598 1519 630 1544 ¹¹
662 1520 728 1561 tes
757 1518 976 1560 metienda
1006 1520 1119 1560 sunt.

310 1689 341 1748 a*
358 1715 402 1747 In
425 1715 594 1758 margine:
617 1711 715 1747 Laus
739 1710 949 1746 senectutis.

309 1769 334 1804 b
360 1771 405 1804 In
429 1773 600 1814 maraine:
626 1767 713 1804 Seni
730 1767 824 1814 sept.
844 1787 888 1794 —
904 1766 1041 1812 infligis
1061 1797 1066 1802 .
1090 1796 1095 1801 .
1119 1796 1124 1801 .
1147 1796 1152 1801 .
1174 1767 1324 1812 quando
1340 1788 1385 1793 -—
1402 1766 1627 1813 dignitatem
1653 1779 1733 1814 spe-

194 1825 400 1918 ranqailznin
424 1886 591 1928 margine:
619 1881 746 1927 Segeti
781 1902 819 1907 -
852 1881 1097 1917 distillantem
1122 1880 1270 1917 differt?
1312 1881 1394 1926 quis
1420 1902 1463 1908 —
1489 1881 1731 1938 ardentibus?

311 1939 336 1974 d
359 1942 405 1975 In
428 1943 596 1985 maryine:
621 1938 767 1974 Vellem
793 1958 834 1964 —
861 1938 1037 1973 differret.

310 2007 330 2031 e
355 1998 399 2031 In
421 2000 589 2042 mar-ysne:
615 1995 901 2031 Adulescentiae
925 2014 969 2021 —
993 2005 1068 2030 non
1092 1995 1227 2040 potest.

310 2160 328 2191 1
352 2156 512 2192 Maiores
537 2155 642 2191 annis
666 2154 730 2190 LV
747 2155 796 2190 ad
813 2155 1095 2191 decurionatum
1118 2154 1226 2190 inviti
1250 2154 1376 2190 vocari
1401 2153 1729 2190 constitutionibus

194 2212 502 2259 prohibebantur.
551 2211 693 2257 Digest.
720 2212 759 2247 L.
788 2216 818 2247 2.
846 2216 878 2247 2.
905 2215 936 2247 8.
986 2214 1112 2247 Maius.

307 2273 328 2304 2
350 2269 496 2305 Desunt
518 2269 595 2305 tres
617 2268 778 2304 litterae.

308 2330 329 2362 3
352 2325 489 2371 Incipit
512 2325 633 2361 altera
657 2325 838 2361 columna.

306 2386 328 2418 4
352 2382 444 2417 Tres
466 2393 591 2418 versus
616 2381 771 2419 evanidi.

308 2442 328 2474 5
352 2438 412 2473 Ita
435 2437 570 2474 Codex.

308 2498 328 2530 6
352 2494 472 2530 Maius
497 2498 801 2540 recupemndam.‘
828 2493 969 2530 Codex:
1002 2493 1026 2528 S
1055 2523 1060 2528 .
1091 2522 1096 2528 .
1126 2524 1131 2529 .
1163 2523 1168 2528 .
1200 2523 1204 2528 .
1235 2523 1240 2528 .
1271 2522 1276 2527 .
1304 2495 1357 2529 (02
1395 2494 1430 2528 h.
1458 2505 1487 2528 e.
1520 2497 1728 2538 sperandam

193 2553 236 2587 ut
259 2561 392 2596 margo
417 2550 577 2586 docebit.
1452 2594 1454 2597 Ι

308 2611 328 2643 7
353 2606 548 2653 Supplevit
576 2606 707 2642 Maius.
756 2606 950 2643 Evanuere
987 2607 1071 2643 octo
1107 2606 1266 2643 litterae.
1315 2605 1550 2642 Heindorfius
1585 2606 1728 2641 mavult

194 2669 269 2701 dum
292 2668 390 2700 vivet.
962 2669 969 2674 ·

307 2725 329 2757 8
352 2720 435 2756 Duo
459 2719 643 2756 vocabula
667 2731 726 2766 ap.
752 2719 893 2755 Maium
917 2720 1062 2756 desunt.
1110 2719 1160 2755 Et
1182 2730 1314 2766 margo
1339 2719 1383 2755 iis
1409 2721 1521 2756 caret.

307 2783 328 2814 9
354 2777 442 2813 eod.
468 2776 738 2813 PROPELLIT
766 2805 772 2811 .
798 2775 925 2812 NTSA
954 2805 960 2811 .
990 2806 996 2811 .
1027 2806 1032 2811 .
1081 2776 1200 2812 Maius
1225 2788 1245 2812 e
1270 2776 1438 2822 margine
1464 2780 1593 2823 differt.

287 2839 328 2871 10
351 2833 486 2880 Incipit
510 2833 598 2870 Cod.
624 2845 661 2879 p.
688 2837 771 2878 300,
807 2844 916 2870 erasa
945 2835 1095 2880 praeter
1118 2833 1327 2879 marginem
1352 2833 1390 2868 et
1413 2844 1532 2879 parva
1555 2832 1723 2879 vestigia.

286 2896 325 2927 11
352 2890 491 2937 Supple
516 2893 588 2927 duo
612 2890 806 2926 vocabula.
