1968 3158
287 153 370 194 212
755 150 801 185 Μ.
823 150 1048 185 CORNELII
1074 144 1348 185 FRONTONIS

400 264 634 317 PostremO,
668 265 716 304 ut
745 264 996 305 novissimos
1025 256 1078 305 in
1102 264 1447 319 epigrammatis¹
1481 278 1624 305 versus
1655 264 1810 306 habere

287 334 455 386 oportet
486 331 645 386 aliquid
675 331 862 386 luminis,
904 332 1119 374 sententia
1155 326 1262 384 elayi
1295 331 1437 387 aliqua
1468 331 1532 373 vel
1568 331 1698 373 fibula
1728 334 1809 373 ter-

288 399 490 441 minanda
521 399 623 440 est2.
1500 407 1507 412 ‘

399 467 450 508 In
497 467 645 521 primis
693 469 835 508 autem
882 467 1085 509 sectanda
1122 469 1188 509 est
1228 467 1431 508 suavitas.
1492 466 1687 522 Namque
1731 466 1833 508 hoc-

287 549 423 590 genus
454 534 659 576 orationis
699 549 786 576 non
829 536 981 590 capitis
1020 535 1276 577 defendendi
1306 549 1387 577 nec
1426 535 1666 576 suadendae
1703 534 1812 590 legis

287 617 366 644 nec
398 602 607 644 exercitus
639 602 894 644 adhortandi
932 618 1012 645 nec
1051 603 1382 645 inflammandae
1422 603 1634 644 contionis
1665 602 1811 646 scribi÷

287 673 370 725 tur,
404 670 474 712 sed
507 670 761 712 facetiarum
791 673 834 713 et
863 663 1110 726 voluptatis.

401 738 569 794 Ubique
610 753 708 780 vero
744 740 792 780 ut
830 739 881 780 de
917 754 963 780 re
1003 739 1145 794 ampla
1185 741 1228 781 et
1272 739 1504 794 magnifica
1540 738 1812 794 loquendum,

288 820 527 861 parvaeque
558 821 624 848 res
655 807 826 862 magnis
849 806 1167 848 adsimulandae
1199 807 1606 862 comparandaeque.
1641 805 1815 849 Summa

289 874 470 929 denique
499 874 546 915 in
577 875 657 916 hoc
677 889 835 930 genere
873 874 1079 916 orationis
1112 875 1245 917 virtus
1277 877 1342 916 est
1373 874 1675 916 adseveratioss.
1736 873 1814 915 Fa-

290 941 414 983 bulae
436 941 561 983 deum
581 942 647 983 vel
668 942 845 984 heroum
865 943 1118 997 tempestive
1139 942 1405 997 inserendae,
1428 942 1530 983 item
1548 956 1692 984 versus
1718 956 1814 984 con-

289 1011 492 1065 gruentes
531 1012 574 1051 et
603 1009 828 1065 proverbia
861 1010 1181 1052 accommodata
1219 1012 1262 1052 et
1299 1024 1387 1051 non
1425 1009 1596 1052 inficete
1633 1009 1816 1052 conficta

289 1077 525 1132 mendacia,
572 1078 671 1119 dum
709 1078 751 1120 id
795 1078 1066 1120 mendacium
1110 1079 1363 1133 argumento
1400 1077 1541 1133 aliquo
1578 1077 1718 1132 lepido
1754 1077 1815 1118 iu—

290 1148 451 1187 vetura.

405 1212 510 1254 Cum
540 1213 689 1267 primis
720 1215 861 1255 autem
893 1214 1077 1256 difficile?
1100 1216 1165 1256 est
1196 1216 1450 1270 argumenta
1484 1214 1546 1255 ita
1576 1213 1815 1268 disponere,

290 1283 338 1321 ut
369 1281 425 1322 sit
461 1280 564 1322 ordo
603 1295 747 1322 eorum
783 1282 864 1323 rite
907 1296 1104 1323 conexus.
1173 1281 1293 1330 Quod
1330 1281 1402 1323 ille
1441 1281 1607 1337 l⁴Plato
1644 1281 1815 1322 Lusiam

292 1348 436 1403 culpat
472 1348 518 1389 in
549 1348 764 1403 Phaedro,
804 1350 1117 1391 sententiarum
1147 1349 1340 1391 ordinem
1378 1350 1430 1391 ab
1469 1364 1517 1391 eo
1554 1349 1616 1390 ita
1656 1351 1816 1390 temere

292 1416 566 1471 permixtum,
605 1418 654 1458 ut
685 1417 776 1458 sine
807 1417 892 1458 ullo
924 1417 1179 1459 detrimento
1209 1417 1346 1471 prima
1376 1417 1421 1458 in
1452 1417 1729 1463 novissimum
1757 1416 1816 1458 lo-

293 1498 388 1525 cum
432 1484 750 1525 transferantur
796 1486 839 1526 et
875 1485 1106 1526 novissima
1150 1485 1197 1526 in
1240 1484 1469 1539 primumb,
1517 1499 1611 1526 eam
1649 1483 1817 1540 culpam

291 1552 353 1592 ita
391 1551 695 1606 devitabimus,
741 1552 777 1593 si
816 1552 952 1594 divisa
988 1552 1229 1608 generatim
1267 1554 1522 1608 argumenta
1557 1554 1815 1605 nectemusss,

292 1633 377 1659 non
409 1633 557 1674 sparsa
586 1634 667 1661 nec
698 1620 789 1661 sine
819 1620 1064 1662 discrimine
1103 1622 1331 1676 aggerata,
1370 1622 1419 1661 ut
1459 1618 1568 1678 [ea]5
1605 1635 1712 1675 quae
1741 1635 1818 1675 per

293 1689 483 1728 saturam
513 1687 725 1742 feruntur,
766 1688 839 1730 sed
871 1690 918 1730 ut
947 1688 1206 1745 praecedens
1245 1688 1460 1730 sententia
1493 1684 1547 1729 in*
1571 1689 1818 1743 sequentem

291 1754 494 1796 laciniam
532 1755 718 1810 aliquam
754 1756 949 1811 porrigat
986 1758 1029 1797 et
1058 1770 1176 1797 oram
1199 1756 1477 1810 praetendat3
1515 1756 1588 1797 ubi
1617 1756 1733 1812 prior
1762 1756 1819 1797 sit

293 1823 415 1864 finita
446 1823 673 1878 sententia,
707 1823 806 1865 inde
827 1825 875 1866 ut
895 1837 1076 1878 sequens
1097 1824 1307 1879 ordiatur3
1337 1824 1399 1865 ita
1430 1823 1544 1865 enim
1573 1823 1817 1878 transgredi

293 1890 433 1944 potius
463 1890 699 1932 videbimur
728 1906 855 1946 quam
885 1891 1115 1933 transilire.

406 1956 565 1999 Verum
602 1958 645 1999 h'i
682 1973 769 2000 non
807 1993 815 2000 .
851 1992 859 2000 .
896 1992 904 2000 .
940 1992 948 2001 .
981 1959 1176 2000 Variatio
1218 1959 1283 2001 vel
1316 1973 1411 2000 eum
1450 1959 1704 2000 detrimento
1743 1959 1816 2001 ali-

294 2038 376 2078 quo
406 2024 571 2079 gratior
601 2028 666 2066 est
695 2027 739 2066 in
771 2027 963 2068 oratione
994 2041 1122 2081 quam
1152 2029 1270 2068 reeta
1301 2026 1620 2069 continuatiossd
1627 2059 1814 2069 .....

408 2204 430 2227 a
455 2195 498 2227 In
521 2197 690 2238 margine:
713 2193 947 2229 Mendacium
972 2195 1192 2239 argumento
1218 2195 1342 2240 aliquo
1367 2195 1490 2240 lepido
1505 2195 1723 2231 iuvandum.

407 2250 431 2285 b
458 2252 501 2283 In
525 2253 694 2294 margine:
718 2250 826 2285 Plato
850 2270 894 2275 -
918 2250 966 2284 ab
992 2260 1034 2284 eo
1059 2251 1228 2296 tempore
1246 2271 1288 2275 —
1312 2250 1350 2285 in
1374 2251 1545 2296 primum.

408 2316 427 2340 c
452 2308 496 2340 In
520 2309 688 2350 nzaryz‘ne:
713 2306 943 2342 Praecedens
974 2307 1157 2342 sententia
1193 2307 1229 2341 in
1266 2309 1481 2351 sequentem
1513 2307 1625 2343 debet
1655 2308 1817 2351 aliquam

289 2360 514 2405 particulam
537 2366 731 2407 porrigere,
758 2362 857 2406 quod
876 2362 1071 2404 vitabitur,
1096 2363 1126 2397 si
1151 2364 1371 2408 argiunenta
1394 2365 1602 2399 nectantur.

408 2417 432 2451 d
456 2420 500 2452 In
523 2421 693 2463 maryine:
717 2418 890 2454 Variatio
910 2439 952 2444 -—
978 2419 1216 2454 continuatio.

411 2570 426 2599 1
456 2564 544 2601 Ood.
569 2577 625 2610 pr.
652 2577 699 2601 m.
726 2570 1010 2611 epiyrammantt's.

410 2625 429 2655 2
454 2621 598 2657 Littera
621 2634 639 2656 e
664 2633 847 2667 suprascr.

409 2682 429 2712 3
453 2677 726 2712 Eichstaedtius
752 2678 894 2713 confert
918 2678 1034 2713 Tacit.
1062 2679 1192 2713 Annal.
1218 2678 1278 2713 IV.
1308 2683 1359 2714 19.
1408 2679 1513 2714 Adde
1537 2679 1582 2714 ΙΙ.
1610 2683 1670 2723 31,
1695 2680 1756 2715 VI.
1783 2685 1815 2715 2.

409 2737 430 2767 4
455 2734 589 2779 Incipit
613 2733 700 2769 cod.
727 2746 762 2779 p
789 2738 866 2769 247.
915 2734 1026 2770 Initio
1050 2746 1142 2770 unus
1166 2745 1291 2770 versus
1315 2735 1474 2770 evanuit.

410 2793 430 2822 ῦ
454 2789 598 2824 Potius:
624 2797 658 2825 ut
682 2790 784 2835 leges
810 2804 906 2836 quae.
957 2794 1185 2836 Ileindmfi'us

410 2848 429 2877 6
455 2844 647 2880 Sent--entii
672 2859 691 2879 6
716 2846 892 2890 margine.
