<?xml version="1.0" encoding="UTF-8"?>
<!DOCTYPE html PUBLIC "-//W3C//DTD XHTML 1.0 Transitional//EN"
    "http://www.w3.org/TR/xhtml1/DTD/xhtml1-transitional.dtd">
<html xmlns="http://www.w3.org/1999/xhtml" xml:lang="en" lang="en">
 <head>
  <title>
</title>
<meta http-equiv="Content-Type" content="text/html;charset=utf-8" />
  <meta name='ocr-system' content='tesseract 3.04.00' />
  <meta name='ocr-capabilities' content='ocr_page ocr_carea ocr_par ocr_line ocrx_word'/>
</head>
<body>
  <div class='ocr_page' id='page_1' title='image "./mcorneliifronton00fronuoft_0100.png"; bbox 0 0 1968 3158; ppageno 0'>
   <div class='ocr_carea' id='block_1_1' title="bbox 262 158 1500 206">
    <p class='ocr_par' dir='ltr' id='par_1_1' title="bbox 262 158 1500 206">
     <span class='ocr_line' id='line_1_1' title="bbox 262 158 1500 206; baseline -0.003 -8"><span class='ocrx_word' id='word_1_1' title='bbox 262 165 316 206; x_wconf 82' lang='grc'>60</span> <span class='ocrx_word' id='word_1_2' title='bbox 542 163 588 197; x_wconf 89' lang='grc' dir='ltr'>Μ.</span> <span class='ocrx_word' id='word_1_3' title='bbox 610 160 835 197; x_wconf 80' lang='lat' dir='ltr'>CORNELII</span> <span class='ocrx_word' id='word_1_4' title='bbox 858 158 1134 194; x_wconf 85' lang='lat' dir='ltr'>FRONTONIS</span> <span class='ocrx_word' id='word_1_5' title='bbox 1158 158 1500 195; x_wconf 83' lang='lat' dir='ltr'><strong>EPISTULARUM</strong></span> 
     </span>
    </p>
   </div>
   <div class='ocr_carea' id='block_1_2' title="bbox 682 272 1376 337">
    <p class='ocr_par' dir='ltr' id='par_1_2' title="bbox 682 272 1376 337">
     <span class='ocr_line' id='line_1_2' title="bbox 682 272 1376 337; baseline -0.004 -21"><span class='ocrx_word' id='word_1_6' title='bbox 682 274 753 316; x_wconf 91' lang='lat' dir='ltr'>II.</span> <span class='ocrx_word' id='word_1_7' title='bbox 803 273 974 317; x_wconf 82' lang='lat' dir='ltr'>Caesar</span> <span class='ocrx_word' id='word_1_8' title='bbox 1002 272 1064 316; x_wconf 79' lang='lat' dir='ltr'>M.</span> <span class='ocrx_word' id='word_1_9' title='bbox 1091 273 1345 337; x_wconf 74' lang='lat' dir='ltr'>Frontoni.</span> <span class='ocrx_word' id='word_1_10' title='bbox 1360 273 1376 312; x_wconf 90' lang='lat'>¹.</span> 
     </span>
    </p>
   </div>
   <div class='ocr_carea' id='block_1_3' title="bbox 220 363 1792 2193">
    <p class='ocr_par' dir='ltr' id='par_1_3' title="bbox 220 363 1792 2193">
     <span class='ocr_line' id='line_1_3' title="bbox 376 363 1787 419; baseline -0.002 -10"><span class='ocrx_word' id='word_1_11' title='bbox 376 366 615 410; x_wconf 82' lang='lat' dir='ltr'>Carissime.</span> <span class='ocrx_word' id='word_1_12' title='bbox 678 364 944 419; x_wconf 76' lang='lat' dir='ltr'><strong>Quamquam</strong></span> <span class='ocrx_word' id='word_1_13' title='bbox 989 364 1042 406; x_wconf 89' lang='lat' dir='ltr'>ad</span> <span class='ocrx_word' id='word_1_14' title='bbox 1085 366 1128 406; x_wconf 92' lang='lat' dir='ltr'>te</span> <span class='ocrx_word' id='word_1_15' title='bbox 1174 378 1266 405; x_wconf 88' lang='lat' dir='ltr'>cras</span> <span class='ocrx_word' id='word_1_16' title='bbox 1310 363 1462 419; x_wconf 84' lang='lat' dir='ltr'>venio,</span> <span class='ocrx_word' id='word_1_17' title='bbox 1507 366 1653 406; x_wconf 87' lang='lat' dir='ltr'>tamen</span> <span class='ocrx_word' id='word_1_18' title='bbox 1695 366 1787 406; x_wconf 90' lang='lat' dir='ltr'>tam</span> 
     </span>
     <span class='ocr_line' id='line_1_4' title="bbox 263 431 1784 488; baseline -0.003 -11"><span class='ocrx_word' id='word_1_19' title='bbox 263 436 409 478; x_wconf 84' lang='lat' dir='ltr'>amicis</span> <span class='ocrx_word' id='word_1_20' title='bbox 439 437 611 488; x_wconf 85' lang='lat' dir='ltr'>tamque</span> <span class='ocrx_word' id='word_1_21' title='bbox 632 433 828 475; x_wconf 88' lang='lat' dir='ltr'>iucundis</span> <span class='ocrx_word' id='word_1_22' title='bbox 850 432 1005 474; x_wconf 88' lang='lat' dir='ltr'>litteris</span> <span class='ocrx_word' id='word_1_23' title='bbox 1035 432 1136 487; x_wconf 83' lang='lat' dir='ltr'>tuis,</span> <span class='ocrx_word' id='word_1_24' title='bbox 1168 434 1259 473; x_wconf 87' lang='lat' dir='ltr'>tam</span> <span class='ocrx_word' id='word_1_25' title='bbox 1290 431 1470 487; x_wconf 87' lang='lat' dir='ltr'>denique</span> <span class='ocrx_word' id='word_1_26' title='bbox 1502 432 1784 488; x_wconf 70' lang='lat' dir='ltr'>elegantibus,</span> 
     </span>
     <span class='ocr_line' id='line_1_5' title="bbox 261 499 1788 557; baseline -0.002 -13"><span class='ocrx_word' id='word_1_27' title='bbox 261 503 384 557; x_wconf 86' lang='lat' dir='ltr'>nihil,</span> <span class='ocrx_word' id='word_1_28' title='bbox 417 517 471 543; x_wconf 90' lang='lat' dir='ltr'>ne</span> <span class='ocrx_word' id='word_1_29' title='bbox 501 502 582 543; x_wconf 90' lang='lat' dir='ltr'>hoc</span> <span class='ocrx_word' id='word_1_30' title='bbox 613 501 784 556; x_wconf 88' lang='lat' dir='ltr'>quidem</span> <span class='ocrx_word' id='word_1_31' title='bbox 813 501 1050 554; x_wconf 88' lang='lat' dir='ltr'>tantulum,</span> <span class='ocrx_word' id='word_1_32' title='bbox 1090 500 1322 542; x_wconf 80' lang='lat' dir='ltr'>rescribere</span> <span class='ocrx_word' id='word_1_33' title='bbox 1353 515 1441 542; x_wconf 90' lang='lat' dir='ltr'>non</span> <span class='ocrx_word' id='word_1_34' title='bbox 1476 499 1688 554; x_wconf 74' lang='lat' dir='ltr'>sustineo,</span> <span class='ocrx_word' id='word_1_35' title='bbox 1728 499 1788 554; x_wconf 76' lang='lat' dir='ltr'>mi</span> 
     </span>
     <span class='ocr_line' id='line_1_6' title="bbox 261 567 1788 624; baseline -0.002 -12"><span class='ocrx_word' id='word_1_36' title='bbox 261 571 420 612; x_wconf 79' lang='lat' dir='ltr'>Fronto</span> <span class='ocrx_word' id='word_1_37' title='bbox 453 569 682 612; x_wconf 78' lang='lat' dir='ltr'>carissime.</span> <span class='ocrx_word' id='word_1_38' title='bbox 745 569 826 612; x_wconf 80' lang='lat' dir='ltr'>Sed</span> <span class='ocrx_word' id='word_1_39' title='bbox 857 569 958 624; x_wconf 90' lang='lat' dir='ltr'>quid</span> <span class='ocrx_word' id='word_1_40' title='bbox 989 583 1067 624; x_wconf 89' lang='lat' dir='ltr'>ego</span> <span class='ocrx_word' id='word_1_41' title='bbox 1097 568 1215 623; x_wconf 83' lang='lat' dir='ltr'>prius</span> <span class='ocrx_word' id='word_1_42' title='bbox 1247 568 1416 609; x_wconf 78' lang='lat' dir='ltr'>amem?</span> <span class='ocrx_word' id='word_1_43' title='bbox 1450 582 1528 623; x_wconf 91' lang='lat' dir='ltr'>pro</span> <span class='ocrx_word' id='word_1_44' title='bbox 1558 582 1640 623; x_wconf 91' lang='lat' dir='ltr'>quo</span> <span class='ocrx_word' id='word_1_45' title='bbox 1669 567 1788 622; x_wconf 89' lang='lat' dir='ltr'>prius</span> 
     </span>
     <span class='ocr_line' id='line_1_7' title="bbox 261 634 1788 693; baseline -0.001 -14"><span class='ocrx_word' id='word_1_46' title='bbox 261 639 443 680; x_wconf 82' lang='lat' dir='ltr'>habeam</span> <span class='ocrx_word' id='word_1_47' title='bbox 472 637 689 693; x_wconf 77' lang='lat' dir='ltr'>gratiam?</span> <span class='ocrx_word' id='word_1_48' title='bbox 733 637 839 678; x_wconf 85' lang='lat' dir='ltr'>Idne</span> <span class='ocrx_word' id='word_1_49' title='bbox 869 638 1055 692; x_wconf 89' lang='lat' dir='ltr'>primum</span> <span class='ocrx_word' id='word_1_50' title='bbox 1086 651 1423 690; x_wconf 90' lang='lat' dir='ltr'>commemorem,</span> <span class='ocrx_word' id='word_1_51' title='bbox 1457 636 1567 691; x_wconf 88' lang='lat' dir='ltr'>quod</span> <span class='ocrx_word' id='word_1_52' title='bbox 1587 635 1633 677; x_wconf 89' lang='lat' dir='ltr'>in</span> <span class='ocrx_word' id='word_1_53' title='bbox 1653 634 1788 677; x_wconf 85' lang='lat' dir='ltr'>tantis</span> 
     </span>
     <span class='ocr_line' id='line_1_8' title="bbox 262 703 1788 761; baseline -0.002 -14"><span class='ocrx_word' id='word_1_54' title='bbox 262 706 503 748; x_wconf 71' lang='lat' dir='ltr'>domesticis</span> <span class='ocrx_word' id='word_1_55' title='bbox 542 706 692 747; x_wconf 87' lang='lat' dir='ltr'>studiis</span> <span class='ocrx_word' id='word_1_56' title='bbox 731 705 949 761; x_wconf 90' lang='lat' dir='ltr'>tantisque</span> <span class='ocrx_word' id='word_1_57' title='bbox 981 703 1176 746; x_wconf 73' lang='lat' dir='ltr'>extrariis</span> <span class='ocrx_word' id='word_1_58' title='bbox 1213 704 1399 760; x_wconf 88' lang='lat' dir='ltr'>negotiis</span> <span class='ocrx_word' id='word_1_59' title='bbox 1441 705 1685 758; x_wconf 88' lang='lat' dir='ltr'>occupatus,</span> <span class='ocrx_word' id='word_1_60' title='bbox 1725 704 1788 755; x_wconf 87' lang='lat' dir='ltr'>ta-</span> 
     </span>
     <span class='ocr_line' id='line_1_9' title="bbox 260 771 1789 827; baseline -0.002 -12"><span class='ocrx_word' id='word_1_61' title='bbox 260 789 359 815; x_wconf 86' lang='lat' dir='ltr'>men</span> <span class='ocrx_word' id='word_1_62' title='bbox 391 775 444 815; x_wconf 88' lang='lat' dir='ltr'>ad</span> <span class='ocrx_word' id='word_1_63' title='bbox 473 774 690 815; x_wconf 89' lang='lat' dir='ltr'>Iulianum</span> <span class='ocrx_word' id='word_1_64' title='bbox 726 776 921 815; x_wconf 90' lang='lat' dir='ltr'>nostrum</span> <span class='ocrx_word' id='word_1_65' title='bbox 950 773 1173 815; x_wconf 88' lang='lat' dir='ltr'>visendum</span> <span class='ocrx_word' id='word_1_66' title='bbox 1209 787 1303 814; x_wconf 92' lang='lat' dir='ltr'>mea</span> <span class='ocrx_word' id='word_1_67' title='bbox 1333 772 1516 814; x_wconf 85' lang='lat' dir='ltr'>maxime</span> <span class='ocrx_word' id='word_1_68' title='bbox 1555 771 1696 827; x_wconf 87' lang='lat' dir='ltr'>gratia</span> <span class='ocrx_word' id='word_1_69' title='bbox 1732 795 1789 803; x_wconf 93' lang='lat'>—-</span> 
     </span>
     <span class='ocr_line' id='line_1_10' title="bbox 261 837 1789 898; baseline -0.003 -14"><span class='ocrx_word' id='word_1_70' title='bbox 261 857 362 885; x_wconf 87' lang='lat' dir='ltr'>nam</span> <span class='ocrx_word' id='word_1_71' title='bbox 392 842 472 884; x_wconf 89' lang='lat' dir='ltr'>sim</span> <span class='ocrx_word' id='word_1_72' title='bbox 501 842 699 898; x_wconf 87' lang='lat' dir='ltr'>ingratus</span> <span class='ocrx_word' id='word_1_73' title='bbox 729 841 814 883; x_wconf 88' lang='lat' dir='ltr'>nisi</span> <span class='ocrx_word' id='word_1_74' title='bbox 843 841 887 883; x_wconf 91' lang='lat' dir='ltr'>id</span> <span class='ocrx_word' id='word_1_75' title='bbox 915 841 1167 897; x_wconf 77' lang='lat' dir='ltr'>intellegam</span> <span class='ocrx_word' id='word_1_76' title='bbox 1196 865 1252 872; x_wconf 82' lang='lat'>——</span> <span class='ocrx_word' id='word_1_77' title='bbox 1280 841 1342 882; x_wconf 89' lang='lat' dir='ltr'>ire</span> <span class='ocrx_word' id='word_1_78' title='bbox 1374 840 1542 882; x_wconf 88' lang='lat' dir='ltr'>conisus</span> <span class='ocrx_word' id='word_1_79' title='bbox 1575 838 1676 881; x_wconf 81' lang='lat' dir='ltr'>es2‘?</span> <span class='ocrx_word' id='word_1_80' title='bbox 1707 837 1789 881; x_wconf 84' lang='lat' dir='ltr'>Sed</span> 
     </span>
     <span class='ocr_line' id='line_1_11' title="bbox 260 908 1788 966; baseline -0.003 -14"><span class='ocrx_word' id='word_1_81' title='bbox 260 926 349 952; x_wconf 90' lang='lat' dir='ltr'>non</span> <span class='ocrx_word' id='word_1_82' title='bbox 379 925 584 966; x_wconf 90' lang='lat' dir='ltr'>magnum</span> <span class='ocrx_word' id='word_1_83' title='bbox 615 912 699 952; x_wconf 86' lang='lat' dir='ltr'>est:</span> <span class='ocrx_word' id='word_1_84' title='bbox 729 912 876 952; x_wconf 87' lang='lat' dir='ltr'>tamen</span> <span class='ocrx_word' id='word_1_85' title='bbox 906 911 955 950; x_wconf 90' lang='lat' dir='ltr'>ut</span> <span class='ocrx_word' id='word_1_86' title='bbox 986 911 1062 963; x_wconf 87' lang='lat' dir='ltr'>est,</span> <span class='ocrx_word' id='word_1_87' title='bbox 1101 910 1136 950; x_wconf 86' lang='lat' dir='ltr'>si</span> <span class='ocrx_word' id='word_1_88' title='bbox 1168 911 1308 950; x_wconf 83' lang='lat' dir='ltr'>cetera</span> <span class='ocrx_word' id='word_1_89' title='bbox 1339 908 1482 962; x_wconf 80' lang='lat' dir='ltr'>addas,</span> <span class='ocrx_word' id='word_1_90' title='bbox 1523 909 1646 949; x_wconf 90' lang='lat' dir='ltr'>tanto</span> <span class='ocrx_word' id='word_1_91' title='bbox 1686 909 1788 948; x_wconf 87' lang='lat' dir='ltr'>tem-</span> 
     </span>
     <span class='ocr_line' id='line_1_12' title="bbox 261 975 1789 1034; baseline -0.003 -14"><span class='ocrx_word' id='word_1_92' title='bbox 261 979 375 1034; x_wconf 88' lang='lat' dir='ltr'>poris</span> <span class='ocrx_word' id='word_1_93' title='bbox 416 978 554 1034; x_wconf 84' lang='lat' dir='ltr'>spatio</span> <span class='ocrx_word' id='word_1_94' title='bbox 590 979 650 1020; x_wconf 91' lang='lat' dir='ltr'>ibi</span> <span class='ocrx_word' id='word_1_95' title='bbox 687 981 730 1020; x_wconf 87' lang='lat' dir='ltr'>te</span> <span class='ocrx_word' id='word_1_96' title='bbox 769 978 992 1031; x_wconf 87' lang='lat' dir='ltr'>demorari,</span> <span class='ocrx_word' id='word_1_97' title='bbox 1038 979 1207 1019; x_wconf 84' lang='lat' dir='ltr'>tantum</span> <span class='ocrx_word' id='word_1_98' title='bbox 1245 976 1534 1031; x_wconf 85' lang='lat' dir='ltr'>sermocinari,</span> <span class='ocrx_word' id='word_1_99' title='bbox 1581 976 1707 1030; x_wconf 88' lang='lat' dir='ltr'>idque</span> <span class='ocrx_word' id='word_1_100' title='bbox 1737 975 1789 1016; x_wconf 91' lang='lat' dir='ltr'>de</span> 
     </span>
     <span class='ocr_line' id='line_1_13' title="bbox 261 1043 1790 1101; baseline -0.003 -13"><span class='ocrx_word' id='word_1_101' title='bbox 261 1062 328 1088; x_wconf 91' lang='lat' dir='ltr'>me</span> <span class='ocrx_word' id='word_1_102' title='bbox 359 1047 649 1101; x_wconf 86' lang='lat' dir='ltr'>sermocinari,</span> <span class='ocrx_word' id='word_1_103' title='bbox 692 1048 765 1087; x_wconf 89' lang='lat' dir='ltr'>aut</span> <span class='ocrx_word' id='word_1_104' title='bbox 800 1046 911 1101; x_wconf 90' lang='lat' dir='ltr'>quod</span> <span class='ocrx_word' id='word_1_105' title='bbox 949 1045 1002 1086; x_wconf 86' lang='lat' dir='ltr'>ad</span> <span class='ocrx_word' id='word_1_106' title='bbox 1032 1045 1321 1087; x_wconf 86' lang='lat' dir='ltr'>valetudinem</span> <span class='ocrx_word' id='word_1_107' title='bbox 1361 1044 1449 1086; x_wconf 90' lang='lat' dir='ltr'>eius</span> <span class='ocrx_word' id='word_1_108' title='bbox 1488 1043 1790 1085; x_wconf 86' lang='lat' dir='ltr'>consolandam</span> 
     </span>
     <span class='ocr_line' id='line_1_14' title="bbox 220 1110 1790 1170; baseline -0.003 -14"><span class='ocrx_word' id='word_1_109' title='bbox 220 1161 223 1165; x_wconf 42' lang='grc'>,</span> <span class='ocrx_word' id='word_1_110' title='bbox 262 1116 391 1156; x_wconf 86' lang='lat' dir='ltr'>esset:</span> <span class='ocrx_word' id='word_1_111' title='bbox 432 1129 609 1170; x_wconf 85' lang='lat' dir='ltr'>aegrum</span> <span class='ocrx_word' id='word_1_112' title='bbox 648 1114 973 1156; x_wconf 87' lang='lat' dir='ltr'>commodiorem</span> <span class='ocrx_word' id='word_1_113' title='bbox 1010 1113 1112 1168; x_wconf 87' lang='lat' dir='ltr'>sibi,</span> <span class='ocrx_word' id='word_1_114' title='bbox 1166 1114 1349 1155; x_wconf 90' lang='lat' dir='ltr'>amicum</span> <span class='ocrx_word' id='word_1_115' title='bbox 1379 1111 1634 1168; x_wconf 17' lang='lat' dir='ltr'>(amiciorem</span> <span class='ocrx_word' id='word_1_116' title='bbox 1683 1110 1790 1152; x_wconf 86' lang='lat' dir='ltr'>mihi</span> 
     </span>
     <span class='ocr_line' id='line_1_15' title="bbox 260 1178 1790 1237; baseline -0.003 -13"><span class='ocrx_word' id='word_1_117' title='bbox 260 1184 423 1224; x_wconf 84' lang='lat' dir='ltr'>facere:</span> <span class='ocrx_word' id='word_1_118' title='bbox 454 1185 547 1224; x_wconf 90' lang='lat' dir='ltr'>tum</span> <span class='ocrx_word' id='word_1_119' title='bbox 578 1185 721 1224; x_wconf 80' lang='lat' dir='ltr'>autem</span> <span class='ocrx_word' id='word_1_120' title='bbox 752 1182 802 1224; x_wconf 90' lang='lat' dir='ltr'>de</span> <span class='ocrx_word' id='word_1_121' title='bbox 832 1181 884 1223; x_wconf 91' lang='lat' dir='ltr'>iis</span> <span class='ocrx_word' id='word_1_122' title='bbox 915 1181 1170 1237; x_wconf 85' lang='lat' dir='ltr'>singillatim</span> <span class='ocrx_word' id='word_1_123' title='bbox 1201 1182 1254 1222; x_wconf 88' lang='lat' dir='ltr'>ad</span> <span class='ocrx_word' id='word_1_124' title='bbox 1277 1195 1344 1222; x_wconf 90' lang='lat' dir='ltr'>me</span> <span class='ocrx_word' id='word_1_125' title='bbox 1374 1179 1650 1235; x_wconf 87' lang='lat' dir='ltr'>perscribere,</span> <span class='ocrx_word' id='word_1_126' title='bbox 1678 1178 1790 1232; x_wconf 5' lang='lat' dir='ltr'>,inibi</span> 
     </span>
     <span class='ocr_line' id='line_1_16' title="bbox 261 1246 1789 1305; baseline -0.003 -12"><span class='ocrx_word' id='word_1_127' title='bbox 261 1251 446 1293; x_wconf 85' lang='lat' dir='ltr'>scribere</span> <span class='ocrx_word' id='word_1_128' title='bbox 476 1251 678 1292; x_wconf 87' lang='lat' dir='ltr'>nuntium</span> <span class='ocrx_word' id='word_1_129' title='bbox 709 1251 759 1292; x_wconf 89' lang='lat' dir='ltr'>de</span> <span class='ocrx_word' id='word_1_130' title='bbox 789 1250 882 1305; x_wconf 90' lang='lat' dir='ltr'>ipso</span> <span class='ocrx_word' id='word_1_131' title='bbox 911 1249 1079 1291; x_wconf 87' lang='lat' dir='ltr'>Iuliano</span> <span class='ocrx_word' id='word_1_132' title='bbox 1110 1249 1438 1304; x_wconf 86' lang='lat' dir='ltr'>optatissimum,</span> <span class='ocrx_word' id='word_1_133' title='bbox 1470 1248 1601 1290; x_wconf 87' lang='lat' dir='ltr'>verba</span> <span class='ocrx_word' id='word_1_134' title='bbox 1631 1246 1789 1288; x_wconf 88' lang='lat' dir='ltr'>suavis-</span> 
     </span>
     <span class='ocr_line' id='line_1_17' title="bbox 261 1314 1790 1374; baseline -0.003 -14"><span class='ocrx_word' id='word_1_135' title='bbox 261 1320 380 1374; x_wconf 88' lang='lat' dir='ltr'>sima,</span> <span class='ocrx_word' id='word_1_136' title='bbox 416 1319 594 1362; x_wconf 88' lang='lat' dir='ltr'>consilia</span> <span class='ocrx_word' id='word_1_137' title='bbox 624 1318 923 1360; x_wconf 87' lang='lat' dir='ltr'>saluberrima:</span> <span class='ocrx_word' id='word_1_138' title='bbox 955 1318 1057 1373; x_wconf 90' lang='lat' dir='ltr'>quid</span> <span class='ocrx_word' id='word_1_139' title='bbox 1086 1317 1205 1372; x_wconf 88' lang='lat' dir='ltr'>illud,</span> <span class='ocrx_word' id='word_1_140' title='bbox 1239 1317 1350 1372; x_wconf 90' lang='lat' dir='ltr'>quod</span> <span class='ocrx_word' id='word_1_141' title='bbox 1381 1315 1647 1358; x_wconf 89' lang='lat' dir='ltr'>dissimulare</span> <span class='ocrx_word' id='word_1_142' title='bbox 1671 1314 1790 1356; x_wconf 91' lang='lat' dir='ltr'>nullo</span> 
     </span>
     <span class='ocr_line' id='line_1_18' title="bbox 260 1382 1791 1443; baseline -0.003 -14"><span class='ocrx_word' id='word_1_143' title='bbox 260 1388 383 1429; x_wconf 85' lang='lat' dir='ltr'>modo</span> <span class='ocrx_word' id='word_1_144' title='bbox 427 1402 600 1443; x_wconf 86' lang='lat' dir='ltr'>possum</span> <span class='ocrx_word' id='word_1_145' title='bbox 617 1421 628 1442; x_wconf 91' lang='lat'>,</span> <span class='ocrx_word' id='word_1_146' title='bbox 685 1387 797 1442; x_wconf 86' lang='lat' dir='ltr'>apud</span> <span class='ocrx_word' id='word_1_147' title='bbox 843 1386 973 1427; x_wconf 86' lang='lat' dir='ltr'>alium</span> <span class='ocrx_word' id='word_1_148' title='bbox 991 1386 1007 1411; x_wconf 84' lang='lat'><strong>3</strong></span> <span class='ocrx_word' id='word_1_149' title='bbox 1058 1384 1430 1427; x_wconf 82' lang='lat' dir='ltr'>dissimulaturus‘?</span> <span class='ocrx_word' id='word_1_150' title='bbox 1487 1383 1634 1438; x_wconf 89' lang='lat' dir='ltr'>utique</span> <span class='ocrx_word' id='word_1_151' title='bbox 1685 1382 1791 1424; x_wconf 90' lang='lat' dir='ltr'>illud</span> 
     </span>
     <span class='ocr_line' id='line_1_19' title="bbox 260 1453 1789 1511; baseline -0.003 -14"><span class='ocrx_word' id='word_1_152' title='bbox 260 1457 400 1511; x_wconf 90' lang='lat' dir='ltr'>ipsum</span> <span class='ocrx_word' id='word_1_153' title='bbox 431 1456 542 1511; x_wconf 91' lang='lat' dir='ltr'>quod</span> <span class='ocrx_word' id='word_1_154' title='bbox 572 1456 695 1497; x_wconf 87' lang='lat' dir='ltr'>tanta</span> <span class='ocrx_word' id='word_1_155' title='bbox 727 1455 865 1496; x_wconf 90' lang='lat' dir='ltr'>adme</span> <span class='ocrx_word' id='word_1_156' title='bbox 895 1454 1119 1509; x_wconf 87' lang='lat' dir='ltr'>scripsisti,</span> <span class='ocrx_word' id='word_1_157' title='bbox 1153 1468 1249 1495; x_wconf 90' lang='lat' dir='ltr'>cum</span> <span class='ocrx_word' id='word_1_158' title='bbox 1281 1467 1374 1495; x_wconf 82' lang='lat' dir='ltr'>cras</span> <span class='ocrx_word' id='word_1_159' title='bbox 1399 1453 1603 1494; x_wconf 84' lang='lat' dir='ltr'>venturus</span> <span class='ocrx_word' id='word_1_160' title='bbox 1633 1465 1789 1493; x_wconf 87' lang='lat' dir='ltr'>essem:</span> 
     </span>
     <span class='ocr_line' id='line_1_20' title="bbox 259 1519 1790 1579; baseline -0.004 -13"><span class='ocrx_word' id='word_1_161' title='bbox 259 1525 303 1566; x_wconf 95' lang='lat' dir='ltr'>id</span> <span class='ocrx_word' id='word_1_162' title='bbox 332 1539 431 1566; x_wconf 89' lang='lat' dir='ltr'>vero</span> <span class='ocrx_word' id='word_1_163' title='bbox 461 1523 567 1565; x_wconf 91' lang='lat' dir='ltr'>mihi</span> <span class='ocrx_word' id='word_1_164' title='bbox 606 1524 734 1579; x_wconf 87' lang='lat' dir='ltr'>longe</span> <span class='ocrx_word' id='word_1_165' title='bbox 775 1523 861 1564; x_wconf 88' lang='lat' dir='ltr'>fuit</span> <span class='ocrx_word' id='word_1_166' title='bbox 891 1522 1198 1578; x_wconf 85' lang='lat' dir='ltr'>gratissimum,</span> <span class='ocrx_word' id='word_1_167' title='bbox 1225 1522 1258 1578; x_wconf 49' lang='grc' dir='ltr'>Γ*</span> <span class='ocrx_word' id='word_1_168' title='bbox 1279 1521 1325 1562; x_wconf 91' lang='grc'>111</span> <span class='ocrx_word' id='word_1_169' title='bbox 1362 1534 1411 1561; x_wconf 87' lang='grc'>60</span> <span class='ocrx_word' id='word_1_170' title='bbox 1450 1521 1554 1575; x_wconf 82' lang='lat' dir='ltr'>ego⁵</span> <span class='ocrx_word' id='word_1_171' title='bbox 1591 1534 1659 1561; x_wconf 91' lang='lat' dir='ltr'>me</span> <span class='ocrx_word' id='word_1_172' title='bbox 1693 1519 1790 1560; x_wconf 88' lang='lat' dir='ltr'>bea-</span> 
     </span>
     <span class='ocr_line' id='line_1_21' title="bbox 259 1587 1791 1646; baseline -0.004 -12"><span class='ocrx_word' id='word_1_173' title='bbox 259 1592 473 1635; x_wconf 89' lang='lat' dir='ltr'>tissimum</span> <span class='ocrx_word' id='word_1_174' title='bbox 504 1607 632 1646; x_wconf 88' lang='lat' dir='ltr'>supra</span> <span class='ocrx_word' id='word_1_175' title='bbox 663 1591 800 1634; x_wconf 89' lang='lat' dir='ltr'>omnis</span> <span class='ocrx_word' id='word_1_176' title='bbox 839 1591 1034 1632; x_wconf 87' lang='lat' dir='ltr'>homines</span> <span class='ocrx_word' id='word_1_177' title='bbox 1076 1590 1308 1631; x_wconf 83' lang='lat' dir='ltr'>arbitratus</span> <span class='ocrx_word' id='word_1_178' title='bbox 1347 1602 1462 1629; x_wconf 90' lang='lat' dir='ltr'>sum:</span> <span class='ocrx_word' id='word_1_179' title='bbox 1508 1603 1611 1629; x_wconf 89' lang='lat' dir='ltr'>nam</span> <span class='ocrx_word' id='word_1_180' title='bbox 1640 1587 1791 1643; x_wconf 85' lang='lat' dir='ltr'>quanti</span> 
     </span>
     <span class='ocr_line' id='line_1_22' title="bbox 260 1655 1791 1715; baseline -0.004 -12"><span class='ocrx_word' id='word_1_181' title='bbox 260 1675 327 1703; x_wconf 90' lang='lat' dir='ltr'>me</span> <span class='ocrx_word' id='word_1_182' title='bbox 357 1661 521 1702; x_wconf 84' lang='lat' dir='ltr'>faceres</span> <span class='ocrx_word' id='word_1_183' title='bbox 553 1662 843 1715; x_wconf 86' lang='lat' dir='ltr'>quantamque</span> <span class='ocrx_word' id='word_1_184' title='bbox 882 1659 1095 1701; x_wconf 84' lang='lat' dir='ltr'>amicitiae</span> <span class='ocrx_word' id='word_1_185' title='bbox 1134 1672 1254 1699; x_wconf 89' lang='lat' dir='ltr'>meae</span> <span class='ocrx_word' id='word_1_186' title='bbox 1283 1657 1463 1698; x_wconf 86' lang='lat' dir='ltr'>haberes</span> <span class='ocrx_word' id='word_1_187' title='bbox 1493 1655 1708 1710; x_wconf 88' lang='lat' dir='ltr'>fiduciam,</span> <span class='ocrx_word' id='word_1_188' title='bbox 1744 1655 1791 1697; x_wconf 89' lang='lat' dir='ltr'>in</span> 
     </span>
     <span class='ocr_line' id='line_1_23' title="bbox 261 1723 1789 1783; baseline -0.005 -12"><span class='ocrx_word' id='word_1_189' title='bbox 261 1744 309 1771; x_wconf 92' lang='grc'>60</span> <span class='ocrx_word' id='word_1_190' title='bbox 351 1729 534 1770; x_wconf 88' lang='lat' dir='ltr'>maxime</span> <span class='ocrx_word' id='word_1_191' title='bbox 579 1731 706 1783; x_wconf 88' lang='lat' dir='ltr'>atque</span> <span class='ocrx_word' id='word_1_192' title='bbox 751 1727 994 1769; x_wconf 88' lang='lat' dir='ltr'>dulcissime</span> <span class='ocrx_word' id='word_1_193' title='bbox 1040 1725 1278 1768; x_wconf 83' lang='lat' dir='ltr'>ostendisti.</span> <span class='ocrx_word' id='word_1_194' title='bbox 1340 1724 1451 1774; x_wconf 78' lang='lat' dir='ltr'>Quid</span> <span class='ocrx_word' id='word_1_195' title='bbox 1497 1738 1577 1779; x_wconf 90' lang='lat' dir='ltr'>ego</span> <span class='ocrx_word' id='word_1_196' title='bbox 1622 1723 1789 1778; x_wconf 87' lang='lat' dir='ltr'>addam,</span> 
     </span>
     <span class='ocr_line' id='line_1_24' title="bbox 260 1791 1792 1850; baseline -0.005 -11"><span class='ocrx_word' id='word_1_197' title='bbox 260 1797 344 1839; x_wconf 88' lang='lat' dir='ltr'>nisi</span> <span class='ocrx_word' id='word_1_198' title='bbox 376 1799 417 1838; x_wconf 91' lang='lat' dir='ltr'>te</span> <span class='ocrx_word' id='word_1_199' title='bbox 447 1797 600 1839; x_wconf 91' lang='lat' dir='ltr'>merito</span> <span class='ocrx_word' id='word_1_200' title='bbox 632 1796 757 1838; x_wconf 79' lang='lat' dir='ltr'>amo?</span> <span class='ocrx_word' id='word_1_201' title='bbox 788 1795 871 1838; x_wconf 76' lang='lat' dir='ltr'>Sed</span> <span class='ocrx_word' id='word_1_202' title='bbox 901 1795 1003 1850; x_wconf 90' lang='lat' dir='ltr'>quid</span> <span class='ocrx_word' id='word_1_203' title='bbox 1034 1795 1127 1836; x_wconf 90' lang='lat' dir='ltr'>dico</span> <span class='ocrx_word' id='word_1_204' title='bbox 1157 1792 1345 1836; x_wconf 80' lang='lat' dir='ltr'>merito?</span> <span class='ocrx_word' id='word_1_205' title='bbox 1381 1807 1483 1834; x_wconf 89' lang='lat' dir='ltr'>nam</span> <span class='ocrx_word' id='word_1_206' title='bbox 1516 1791 1684 1833; x_wconf 84' lang='lat' dir='ltr'>utinam</span> <span class='ocrx_word' id='word_1_207' title='bbox 1714 1805 1792 1847; x_wconf 93' lang='lat' dir='ltr'>pro</span> 
     </span>
     <span class='ocr_line' id='line_1_25' title="bbox 260 1859 1791 1918; baseline -0.005 -11"><span class='ocrx_word' id='word_1_208' title='bbox 260 1867 334 1907; x_wconf 90' lang='lat' dir='ltr'>tuo</span> <span class='ocrx_word' id='word_1_209' title='bbox 364 1865 516 1907; x_wconf 89' lang='lat' dir='ltr'>merito</span> <span class='ocrx_word' id='word_1_210' title='bbox 546 1867 589 1906; x_wconf 86' lang='lat' dir='ltr'>te</span> <span class='ocrx_word' id='word_1_211' title='bbox 621 1878 763 1906; x_wconf 88' lang='lat' dir='ltr'>amare</span> <span class='ocrx_word' id='word_1_212' title='bbox 793 1865 982 1918; x_wconf 78' lang='lat' dir='ltr'>possem!</span> <span class='ocrx_word' id='word_1_213' title='bbox 1045 1862 1197 1918; x_wconf 89' lang='lat' dir='ltr'>Adque</span> <span class='ocrx_word' id='word_1_214' title='bbox 1236 1862 1280 1903; x_wconf 89' lang='lat' dir='ltr'>id</span> <span class='ocrx_word' id='word_1_215' title='bbox 1311 1863 1375 1903; x_wconf 89' lang='lat' dir='ltr'>est</span> <span class='ocrx_word' id='word_1_216' title='bbox 1405 1860 1516 1915; x_wconf 89' lang='lat' dir='ltr'>quod</span> <span class='ocrx_word' id='word_1_217' title='bbox 1553 1874 1680 1914; x_wconf 88' lang='lat' dir='ltr'>saepe</span> <span class='ocrx_word' id='word_1_218' title='bbox 1720 1859 1791 1901; x_wconf 89' lang='lat' dir='ltr'>ab·</span> 
     </span>
     <span class='ocr_line' id='line_1_26' title="bbox 261 1926 1791 1989; baseline -0.005 -13"><span class='ocrx_word' id='word_1_219' title='bbox 261 1934 372 1976; x_wconf 88' lang='lat' dir='ltr'>senti</span> <span class='ocrx_word' id='word_1_220' title='bbox 405 1934 540 1989; x_wconf 89' lang='lat' dir='ltr'>adque</span> <span class='ocrx_word' id='word_1_221' title='bbox 570 1933 732 1975; x_wconf 90' lang='lat' dir='ltr'>insonti</span> <span class='ocrx_word' id='word_1_222' title='bbox 761 1932 868 1974; x_wconf 77' lang='lat' dir='ltr'>tibi⁶</span> <span class='ocrx_word' id='word_1_223' title='bbox 898 1931 1059 1972; x_wconf 87' lang='lat' dir='ltr'>irascor</span> <span class='ocrx_word' id='word_1_224' title='bbox 1090 1930 1226 1985; x_wconf 89' lang='lat' dir='ltr'>adque</span> <span class='ocrx_word' id='word_1_225' title='bbox 1257 1942 1497 1982; x_wconf 85' lang='lat' dir='ltr'>suscenseo,</span> <span class='ocrx_word' id='word_1_226' title='bbox 1537 1927 1650 1982; x_wconf 91' lang='lat' dir='ltr'>quod</span> <span class='ocrx_word' id='word_1_227' title='bbox 1683 1926 1791 1969; x_wconf 87' lang='lat' dir='ltr'>facis</span> 
     </span>
     <span class='ocr_line' id='line_1_27' title="bbox 260 1995 1792 2057; baseline -0.006 -13"><span class='ocrx_word' id='word_1_228' title='bbox 260 2017 315 2044; x_wconf 91' lang='lat' dir='ltr'>ne</span> <span class='ocrx_word' id='word_1_229' title='bbox 346 2004 402 2057; x_wconf 89' lang='lat' dir='ltr'>te,</span> <span class='ocrx_word' id='word_1_230' title='bbox 436 2004 484 2043; x_wconf 90' lang='lat' dir='ltr'>ut</span> <span class='ocrx_word' id='word_1_231' title='bbox 506 2002 611 2056; x_wconf 83' lang='lat' dir='ltr'>volo,</span> <span class='ocrx_word' id='word_1_232' title='bbox 645 2014 787 2042; x_wconf 87' lang='lat' dir='ltr'>amare</span> <span class='ocrx_word' id='word_1_233' title='bbox 818 1999 998 2054; x_wconf 84' lang='lat' dir='ltr'>possim3</span> <span class='ocrx_word' id='word_1_234' title='bbox 1028 1998 1071 2039; x_wconf 88' lang='lat' dir='ltr'>id</span> <span class='ocrx_word' id='word_1_235' title='bbox 1103 2000 1168 2039; x_wconf 84' lang='lat' dir='ltr'>est</span> <span class='ocrx_word' id='word_1_236' title='bbox 1187 2012 1242 2039; x_wconf 91' lang='lat' dir='ltr'>ne</span> <span class='ocrx_word' id='word_1_237' title='bbox 1263 2011 1381 2038; x_wconf 90' lang='lat' dir='ltr'>meus</span> <span class='ocrx_word' id='word_1_238' title='bbox 1413 1995 1582 2037; x_wconf 89' lang='lat' dir='ltr'>animus</span> <span class='ocrx_word' id='word_1_239' title='bbox 1606 2009 1792 2037; x_wconf 90' lang='lat' dir='ltr'>amorem</span> 
     </span>
     <span class='ocr_line' id='line_1_28' title="bbox 261 2063 1788 2125; baseline -0.006 -13"><span class='ocrx_word' id='word_1_240' title='bbox 261 2073 382 2112; x_wconf 86' lang='lat' dir='ltr'>tuum</span> <span class='ocrx_word' id='word_1_241' title='bbox 426 2085 559 2125; x_wconf 90' lang='lat' dir='ltr'>usque</span> <span class='ocrx_word' id='word_1_242' title='bbox 605 2069 657 2111; x_wconf 90' lang='lat' dir='ltr'>ad</span> <span class='ocrx_word' id='word_1_243' title='bbox 702 2082 914 2111; x_wconf 90' lang='lat' dir='ltr'>summum</span> <span class='ocrx_word' id='word_1_244' title='bbox 960 2065 1183 2108; x_wconf 83' lang='grc'>001111116117</span> <span class='ocrx_word' id='word_1_245' title='bbox 1229 2065 1318 2107; x_wconf 90' lang='lat' dir='ltr'>eius</span> <span class='ocrx_word' id='word_1_246' title='bbox 1362 2063 1559 2119; x_wconf 88' lang='lat' dir='ltr'>persequi</span> <span class='ocrx_word' id='word_1_247' title='bbox 1603 2063 1788 2117; x_wconf 66' lang='lat' dir='ltr'>possetss.</span> 
     </span>
     <span class='ocr_line' id='line_1_29' title="bbox 261 2130 1788 2193; baseline -0.007 -12"><span class='ocrx_word' id='word_1_248' title='bbox 261 2138 325 2180; x_wconf 91' lang='lat' dir='ltr'>De</span> <span class='ocrx_word' id='word_1_249' title='bbox 354 2138 523 2180; x_wconf 88' lang='lat' dir='ltr'>Herode</span> <span class='ocrx_word' id='word_1_250' title='bbox 552 2137 663 2193; x_wconf 91' lang='lat' dir='ltr'>quod</span> <span class='ocrx_word' id='word_1_251' title='bbox 694 2135 812 2190; x_wconf 79' lang='lat' dir='ltr'>dieis,</span> <span class='ocrx_word' id='word_1_252' title='bbox 846 2149 992 2190; x_wconf 88' lang='lat' dir='ltr'>perge,</span> <span class='ocrx_word' id='word_1_253' title='bbox 1026 2148 1099 2175; x_wconf 89' lang='lat' dir='ltr'>oro</span> <span class='ocrx_word' id='word_1_254' title='bbox 1128 2136 1185 2187; x_wconf 88' lang='lat' dir='ltr'>te,</span> <span class='ocrx_word' id='word_1_255' title='bbox 1218 2134 1267 2174; x_wconf 91' lang='lat' dir='ltr'>ut</span> <span class='ocrx_word' id='word_1_256' title='bbox 1297 2131 1506 2181; x_wconf 75' lang='lat' dir='ltr'>Quintus⁹</span> <span class='ocrx_word' id='word_1_257' title='bbox 1537 2132 1684 2172; x_wconf 88' lang='lat' dir='ltr'>noster</span> <span class='ocrx_word' id='word_1_258' title='bbox 1714 2130 1788 2184; x_wconf 89' lang='lat' dir='ltr'>ait,</span> 
     </span>
    </p>
   </div>
   <div class='ocr_carea' id='block_1_4' title="bbox 262 2243 1791 2917">
    <p class='ocr_par' dir='ltr' id='par_1_4' title="bbox 262 2243 1791 2407">
     <span class='ocr_line' id='line_1_30' title="bbox 378 2243 1791 2297; baseline -0.006 -10"><span class='ocrx_word' id='word_1_259' title='bbox 378 2257 393 2286; x_wconf 91' lang='lat'>1</span> <span class='ocrx_word' id='word_1_260' title='bbox 420 2252 556 2297; x_wconf 85' lang='lat' dir='ltr'>Incipit</span> <span class='ocrx_word' id='word_1_261' title='bbox 586 2250 674 2285; x_wconf 89' lang='lat' dir='ltr'>Cod.</span> <span class='ocrx_word' id='word_1_262' title='bbox 699 2248 869 2284; x_wconf 83' lang='lat' dir='ltr'>Vatican.</span> <span class='ocrx_word' id='word_1_263' title='bbox 900 2260 937 2293; x_wconf 89' lang='lat' dir='ltr'>p.</span> <span class='ocrx_word' id='word_1_264' title='bbox 959 2251 1049 2283; x_wconf 49' lang='grc' dir='ltr'>182.Ἰ</span> <span class='ocrx_word' id='word_1_265' title='bbox 1082 2246 1137 2282; x_wconf 89' lang='lat' dir='ltr'>De</span> <span class='ocrx_word' id='word_1_266' title='bbox 1168 2245 1406 2290; x_wconf 86' lang='lat' dir='ltr'>inscriptione</span> <span class='ocrx_word' id='word_1_267' title='bbox 1437 2243 1615 2289; x_wconf 84' lang='lat' dir='ltr'>epistolae</span> <span class='ocrx_word' id='word_1_268' title='bbox 1653 2244 1791 2279; x_wconf 85' lang='lat' dir='ltr'>amicus</span> 
     </span>
     <span class='ocr_line' id='line_1_31' title="bbox 262 2300 1791 2350; baseline -0.005 -8"><span class='ocrx_word' id='word_1_269' title='bbox 262 2320 365 2344; x_wconf 88' lang='lat' dir='ltr'>meus</span> <span class='ocrx_word' id='word_1_270' title='bbox 390 2309 482 2343; x_wconf 90' lang='lat' dir='ltr'>nihil</span> <span class='ocrx_word' id='word_1_271' title='bbox 507 2307 711 2350; x_wconf 89' lang='lat' dir='ltr'>adnotavit,</span> <span class='ocrx_word' id='word_1_272' title='bbox 738 2305 804 2341; x_wconf 89' lang='lat' dir='ltr'>sed</span> <span class='ocrx_word' id='word_1_273' title='bbox 829 2304 995 2350; x_wconf 87' lang='lat' dir='ltr'>suspicor</span> <span class='ocrx_word' id='word_1_274' title='bbox 1018 2304 1146 2339; x_wconf 84' lang='lat' dir='ltr'>tamen</span> <span class='ocrx_word' id='word_1_275' title='bbox 1177 2313 1259 2337; x_wconf 90' lang='lat' dir='ltr'>eam</span> <span class='ocrx_word' id='word_1_276' title='bbox 1288 2311 1355 2336; x_wconf 89' lang='lat' dir='ltr'>nos</span> <span class='ocrx_word' id='word_1_277' title='bbox 1378 2300 1477 2336; x_wconf 89' lang='lat' dir='ltr'>Maio</span> <span class='ocrx_word' id='word_1_278' title='bbox 1509 2300 1645 2335; x_wconf 88' lang='lat' dir='ltr'>debere</span> <span class='ocrx_word' id='word_1_279' title='bbox 1671 2300 1709 2335; x_wconf 89' lang='lat' dir='ltr'>et</span> <span class='ocrx_word' id='word_1_280' title='bbox 1731 2311 1791 2335; x_wconf 89' lang='lat' dir='ltr'>ve-</span> 
     </span>
     <span class='ocr_line' id='line_1_32' title="bbox 262 2359 1110 2407; baseline -0.007 -7"><span class='ocrx_word' id='word_1_281' title='bbox 262 2377 344 2400; x_wconf 88' lang='lat' dir='ltr'>rum</span> <span class='ocrx_word' id='word_1_282' title='bbox 369 2376 465 2400; x_wconf 79' lang='lat' dir='ltr'>esse:</span> <span class='ocrx_word' id='word_1_283' title='bbox 492 2368 591 2400; x_wconf 84' lang='lat' dir='ltr'>Have</span> <span class='ocrx_word' id='word_1_284' title='bbox 615 2366 694 2398; x_wconf 79' lang='lat' dir='ltr'>mihi</span> <span class='ocrx_word' id='word_1_285' title='bbox 716 2365 887 2407; x_wconf 72' lang='lat' dir='ltr'>Mayz&#39;sler</span> <span class='ocrx_word' id='word_1_286' title='bbox 912 2359 1110 2396; x_wconf 85' lang='lat' dir='ltr'>carissime.</span> 
     </span>
    </p>

    <p class='ocr_par' dir='ltr' id='par_1_5' title="bbox 375 2415 1440 2463">
     <span class='ocr_line' id='line_1_33' title="bbox 375 2415 1440 2463; baseline -0.008 -6"><span class='ocrx_word' id='word_1_287' title='bbox 375 2427 394 2456; x_wconf 76' lang='lat'><strong>2</strong></span> <span class='ocrx_word' id='word_1_288' title='bbox 421 2421 560 2457; x_wconf 82' lang='lat' dir='ltr'>Codex:</span> <span class='ocrx_word' id='word_1_289' title='bbox 587 2428 649 2455; x_wconf 78' lang='lat' dir='ltr'>esc.</span> <span class='ocrx_word' id='word_1_290' title='bbox 702 2419 789 2453; x_wconf 86' lang='lat' dir='ltr'>Mox</span> <span class='ocrx_word' id='word_1_291' title='bbox 813 2417 997 2463; x_wconf 82' lang='lat' dir='ltr'>Hauptius</span> <span class='ocrx_word' id='word_1_292' title='bbox 1023 2424 1133 2452; x_wconf 84' lang='lat' dir='ltr'>tamen</span> <span class='ocrx_word' id='word_1_293' title='bbox 1157 2423 1218 2457; x_wconf 78' lang='lat' dir='ltr'>est,</span> <span class='ocrx_word' id='word_1_294' title='bbox 1246 2415 1369 2450; x_wconf 80' lang='lat' dir='ltr'>deleto</span> <span class='ocrx_word' id='word_1_295' title='bbox 1395 2421 1440 2449; x_wconf 84' lang='lat' dir='ltr'>ut.</span> 
     </span>
    </p>

    <p class='ocr_par' dir='ltr' id='par_1_6' title="bbox 377 2473 1188 2522">
     <span class='ocr_line' id='line_1_34' title="bbox 377 2473 1188 2522; baseline -0.007 -9"><span class='ocrx_word' id='word_1_296' title='bbox 377 2484 397 2514; x_wconf 86' lang='lat'><strong>3</strong></span> <span class='ocrx_word' id='word_1_297' title='bbox 421 2477 567 2513; x_wconf 86' lang='lat' dir='ltr'>Malim:</span> <span class='ocrx_word' id='word_1_298' title='bbox 594 2476 694 2522; x_wconf 89' lang='lat' dir='ltr'>apud</span> <span class='ocrx_word' id='word_1_299' title='bbox 719 2483 751 2511; x_wconf 85' lang='lat' dir='ltr'>te</span> <span class='ocrx_word' id='word_1_300' title='bbox 775 2489 846 2511; x_wconf 78' lang='lat' dir='ltr'>sum</span> <span class='ocrx_word' id='word_1_301' title='bbox 871 2473 1188 2509; x_wconf 85' lang='lat' dir='ltr'>dissimulaturus?</span> 
     </span>
    </p>

    <p class='ocr_par' dir='ltr' id='par_1_7' title="bbox 375 2532 931 2579">
     <span class='ocr_line' id='line_1_35' title="bbox 375 2532 931 2579; baseline -0.005 -10"><span class='ocrx_word' id='word_1_302' title='bbox 375 2539 397 2569; x_wconf 88' lang='lat'>4</span> <span class='ocrx_word' id='word_1_303' title='bbox 420 2534 556 2579; x_wconf 87' lang='lat' dir='ltr'>Incipit</span> <span class='ocrx_word' id='word_1_304' title='bbox 580 2533 667 2569; x_wconf 89' lang='lat' dir='ltr'>Cod.</span> <span class='ocrx_word' id='word_1_305' title='bbox 692 2532 777 2568; x_wconf 87' lang='lat' dir='ltr'>Vat.</span> <span class='ocrx_word' id='word_1_306' title='bbox 803 2544 839 2577; x_wconf 88' lang='lat' dir='ltr'>p.</span> <span class='ocrx_word' id='word_1_307' title='bbox 856 2535 931 2568; x_wconf 88' lang='grc'>181.</span> 
     </span>
    </p>

    <p class='ocr_par' dir='ltr' id='par_1_8' title="bbox 378 2585 1402 2633">
     <span class='ocr_line' id='line_1_36' title="bbox 378 2585 1402 2633; baseline -0.005 -8"><span class='ocrx_word' id='word_1_308' title='bbox 378 2595 397 2625; x_wconf 83' lang='lat'>5</span> <span class='ocrx_word' id='word_1_309' title='bbox 424 2591 605 2626; x_wconf 80' lang='lat' dir='ltr'>Scribitur</span> <span class='ocrx_word' id='word_1_310' title='bbox 628 2590 756 2624; x_wconf 87' lang='lat' dir='ltr'>littera</span> <span class='ocrx_word' id='word_1_311' title='bbox 779 2588 913 2623; x_wconf 89' lang='lat' dir='ltr'>initiali</span> <span class='ocrx_word' id='word_1_312' title='bbox 937 2598 1076 2633; x_wconf 86' lang='lat' dir='ltr'>magna</span> <span class='ocrx_word' id='word_1_313' title='bbox 1100 2587 1137 2622; x_wconf 90' lang='lat' dir='ltr'>et</span> <span class='ocrx_word' id='word_1_314' title='bbox 1163 2598 1246 2622; x_wconf 91' lang='lat' dir='ltr'>cum</span> <span class='ocrx_word' id='word_1_315' title='bbox 1269 2585 1402 2632; x_wconf 84' lang='lat' dir='ltr'>spatio.</span> 
     </span>
    </p>

    <p class='ocr_par' dir='ltr' id='par_1_9' title="bbox 377 2645 892 2682">
     <span class='ocr_line' id='line_1_37' title="bbox 377 2645 892 2682; baseline -0.004 0"><span class='ocrx_word' id='word_1_316' title='bbox 377 2652 396 2681; x_wconf 88' lang='grc'>6</span> <span class='ocrx_word' id='word_1_317' title='bbox 423 2647 562 2682; x_wconf 85' lang='lat' dir='ltr'>Codex:</span> <span class='ocrx_word' id='word_1_318' title='bbox 588 2645 892 2681; x_wconf 85' lang='lat' dir='ltr'>INSONTEUBI.</span> 
     </span>
    </p>

    <p class='ocr_par' dir='ltr' id='par_1_10' title="bbox 379 2693 1109 2746">
     <span class='ocr_line' id='line_1_38' title="bbox 379 2693 1109 2746; baseline -0.004 -8"><span class='ocrx_word' id='word_1_319' title='bbox 379 2708 396 2738; x_wconf 83' lang='lat'><strong>7</strong></span> <span class='ocrx_word' id='word_1_320' title='bbox 423 2703 563 2738; x_wconf 86' lang='lat' dir='ltr'>Codex:</span> <span class='ocrx_word' id='word_1_321' title='bbox 589 2707 737 2739; x_wconf 77' lang='lat' dir='ltr'>columen</span> <span class='ocrx_word' id='word_1_322' title='bbox 762 2702 799 2737; x_wconf 86' lang='lat' dir='ltr'>et</span> <span class='ocrx_word' id='word_1_323' title='bbox 824 2706 895 2737; x_wconf 76' lang='lat' dir='ltr'>eius</span> <span class='ocrx_word' id='word_1_324' title='bbox 921 2693 1020 2746; x_wconf 85' lang='lat' dir='ltr'>supr.</span> <span class='ocrx_word' id='word_1_325' title='bbox 1046 2701 1109 2735; x_wconf 86' lang='lat' dir='ltr'>lin.</span> 
     </span>
    </p>

    <p class='ocr_par' dir='ltr' id='par_1_11' title="bbox 378 2759 881 2804">
     <span class='ocr_line' id='line_1_39' title="bbox 378 2759 881 2804; baseline -0.002 -10"><span class='ocrx_word' id='word_1_326' title='bbox 378 2764 398 2794; x_wconf 83' lang='lat'>8</span> <span class='ocrx_word' id='word_1_327' title='bbox 422 2760 480 2794; x_wconf 83' lang='lat' dir='ltr'>Ita</span> <span class='ocrx_word' id='word_1_328' title='bbox 505 2759 638 2803; x_wconf 85' lang='lat' dir='ltr'>Codex,</span> <span class='ocrx_word' id='word_1_329' title='bbox 663 2770 738 2794; x_wconf 92' lang='lat' dir='ltr'>non</span> <span class='ocrx_word' id='word_1_330' title='bbox 758 2762 881 2804; x_wconf 79' lang='lat' dir='ltr'>possit.</span> 
     </span>
    </p>

    <p class='ocr_par' dir='ltr' id='par_1_12' title="bbox 266 2809 1788 2917">
     <span class='ocr_line' id='line_1_40' title="bbox 378 2809 1788 2858; baseline -0.004 -8"><span class='ocrx_word' id='word_1_331' title='bbox 378 2820 398 2850; x_wconf 83' lang='grc'><strong>9</strong></span> <span class='ocrx_word' id='word_1_332' title='bbox 422 2815 540 2850; x_wconf 87' lang='lat' dir='ltr'>Maius</span> <span class='ocrx_word' id='word_1_333' title='bbox 573 2815 721 2851; x_wconf 85' lang='lat' dir='ltr'>coniicit</span> <span class='ocrx_word' id='word_1_334' title='bbox 749 2816 916 2850; x_wconf 89' lang='lat' dir='ltr'>Marcum</span> <span class='ocrx_word' id='word_1_335' title='bbox 944 2814 1103 2850; x_wconf 83' lang='lat' dir='ltr'>Novium</span> <span class='ocrx_word' id='word_1_336' title='bbox 1137 2812 1363 2858; x_wconf 85' lang='lat' dir='ltr'>intelligere,</span> <span class='ocrx_word' id='word_1_337' title='bbox 1406 2810 1590 2856; x_wconf 85' lang='lat' dir='ltr'>Hauptius</span> <span class='ocrx_word' id='word_1_338' title='bbox 1621 2809 1788 2845; x_wconf 83' lang='lat' dir='ltr'>Ennium.</span> 
     </span>
     <span class='ocr_line' id='line_1_41' title="bbox 266 2870 1016 2917; baseline 0.001 -13"><span class='ocrx_word' id='word_1_339' title='bbox 266 2870 335 2908; x_wconf 89' lang='lat' dir='ltr'>Hic</span> <span class='ocrx_word' id='word_1_340' title='bbox 358 2872 554 2917; x_wconf 83' lang='lat' dir='ltr'>praeterea</span> <span class='ocrx_word' id='word_1_341' title='bbox 579 2871 723 2907; x_wconf 82' lang='lat' dir='ltr'>scribit:</span> <span class='ocrx_word' id='word_1_342' title='bbox 750 2879 782 2906; x_wconf 80' lang='lat' dir='ltr'>et</span> <span class='ocrx_word' id='word_1_343' title='bbox 807 2879 842 2906; x_wconf 81' lang='lat' dir='ltr'>ut</span> <span class='ocrx_word' id='word_1_344' title='bbox 867 2873 1016 2914; x_wconf 81' lang='lat' dir='ltr'>Quintus.</span> 
     </span>
    </p>
   </div>
  </div>
 </body>
</html>
