1968 3158
264 170 311 209 1ss
538 166 586 200 M.
614 162 838 199 CORNELII
863 159 1139 195 FRONTONIS
1164 159 1504 203 EPISTULARUM

258 283 293 323 si
323 280 512 322 nondum
541 277 757 331 profectus
789 277 865 327 est,
900 276 944 315 at
965 273 1116 314 saltem
1138 273 1330 328 cogitat?
1368 273 1479 324 Quid
1498 274 1570 317 ille
1592 275 1778 331 cogitat¹

259 349 391 401 aliud,
431 359 557 400 quam
587 344 708 384 bonis
726 342 889 384 alienis
927 341 1152 395 incubare,
1198 340 1364 383 fructus
1404 342 1607 397 diripere,
1655 357 1782 399 agros

260 418 442 466 vastare,
483 426 571 452 reni
602 425 771 452 omnem
801 409 1049 464 dilapidare.
1065 408 1069 464 Ι
1085 409 1101 434 2
1143 408 1260 467 ⁴Non
1297 409 1369 451 ille
1405 410 1468 451 ita
1504 411 1661 453 stultus
1699 414 1778 466 est,

259 485 304 523 ut
332 481 453 522 malit
483 478 626 520 venire
659 479 710 519 ad
742 477 966 519 Caesarem
997 479 1040 518 et
1059 476 1187 530 vinci,
1221 491 1349 532 quam
1367 492 1588 520 remanere
1607 479 1655 521 in
1675 479 1782 521 Asia

257 546 579 604 ettpossidere3‚
641 544 723 601 Qui
759 559 849 586 mos
888 545 923 586 si
961 544 1092 586 fuerit
1126 544 1347 599 inductus,
1400 547 1448 586 ut
1484 546 1782 588 defunctorum

256 617 513 658 testamenta
543 628 594 654 ex
624 612 855 667 provinciis
886 612 1187 654 transmarinis
1217 612 1399 654 Romam
1428 613 1679 668 mittantur,
1717 615 1782 656 in-

256 684 426 740 dignius
457 685 499 724 et
529 681 721 722 acerbius
758 681 1114 722 testamentorum
1143 681 1379 736 periculum
1421 682 1522 736 erit,
1569 682 1717 734 quam⁴²
1746 681 1783 724 si

257 766 431 806 corpora
474 754 687 791 mittamur
729 750 1024 798 defunctorum
1062 748 1157 800 qui⁵
1199 750 1321 791 trans
1367 749 1502 791 maria
1547 751 1782 792 testantur:

255 834 355 860 nam
391 822 452 860 his
489 821 646 870 quidem
685 815 844 858 nullum
884 818 980 866 fere
1021 820 1190 868 qram'us
1224 817 1464 869 periculum
1511 821 1803 873 superveniet.-

254 889 476 939 Sepultura
508 885 780 926 cadaveribus
810 884 857 925 in
887 883 992 939 ipsis
1023 884 1191 926 iniuriis
1211 887 1383 939 praesto
1405 887 1482 927 est.
1530 884 1626 928 Sive
1646 885 1783 927 maria

256 955 487 1009 naufragos
527 954 750 1006 devorent,
801 951 888 993 sive
931 951 1111 994 flumina
1137 947 1411 1008 ‘praecipites
1447 953 1646 1008 trahant,
1694 953 1782 996 sive

256 1022 468 1064 harenaess
498 1022 703 1074 obruant,
744 1020 832 1061 sive
869 1019 986 1062 ferae
1024 1020 1235 1075 lacerent,
1277 1021 1364 1063 sive
1402 1021 1592 1064 volucres
1628 1022 1781 1064 discer-

256 1093 374 1145 pant,
410 1104 560 1144 corpus
591 1089 826 1130 humanum
857 1088 960 1129 satis
990 1088 1194 1144 sepelitur
1217 1089 1472 1144 ubicumque
1502 1090 1779 1133 consumitur.

223 1173 226 1177 ’
256 1159 339 1199 At⁷
371 1158 443 1199 ubi
473 1159 777 1199 testamentum
806 1156 1035 1211 naufragio
1072 1156 1338 1199 submersum
1369 1160 1454 1211 est,
1500 1157 1575 1199 illa
1613 1158 1803 1214 demum,

256 1230 298 1268 et
329 1241 394 1267 res
425 1227 467 1267 et
497 1224 644 1266 domus
676 1226 718 1266 et
745 1223 911 1265 familia
930 1223 1144 1279 naufraga
1165 1226 1292 1279 atque
1312 1224 1528 1280 insepulta
1549 1227 1627 1267 est.
1669 1225 1783 1268 Olim

255 1295 512 1336 testamenta
564 1308 615 1334 ex
671 1293 845 1334 deorum
892 1292 1191 1334 munitissimis
1236 1293 1410 1334 aedibus
1454 1293 1783 1348 proferebantur

256 1365 329 1404 aut
357 1361 579 1403 tabulariis
619 1363 693 1402 aut
733 1359 902 1418 [ar]eis³
942 1363 1016 1402 aut
1046 1360 1228 1402 archiis9
1268 1362 1342 1402 aut
1371 1361 1698 1416 opisthodomis:
1737 1363 1783 1403 at

254 1431 339 1471 iani
376 1431 634 1471 testamenta
671 1426 835 1486 pro[pe]
884 1443 934 1469 ru
957 1461 1106 1470 .....
1123 1428 1154 1454 ¹⁰
1200 1428 1450 1484 navigarint
1492 1430 1607 1471 inter
1650 1444 1782 1471 onera

254 1499 456 1539 mercium
487 1499 529 1539 et
560 1497 750 1539 sarcinas
781 1496 1006 1552 remigum.
1058 1496 1108 1538 Id
1139 1496 1268 1538 etiam
1299 1499 1512 1552 superest,
1546 1498 1582 1538 si
1612 1498 1782 1552 quando

254 1567 368 1608 iactu
398 1581 503 1621 opus
535 1567 617 1620 est,
659 1566 708 1606 ut
736 1566 997 1606 testamenta
1036 1579 1132 1606 cum
1162 1564 1452 1620 leguminibus
1481 1565 1777 1623 iactenturzl1¹

253 1635 355 1689 quin
385 1642 424 1676 et
450 1639 613 1686 naulum
646 1633 1004 1687 constituendum,
1037 1631 1146 1685 quod
1158 1632 1188 1658 ¹²
1217 1647 1295 1688 pro
1333 1634 1603 1675 testamentis
1639 1624 1781 1689 exiga-

253 1705 333 1745 tur.
384 1703 499 1744 Ante
530 1702 609 1743 hac
645 1735 652 1743 .
680 1735 687 1743 .
715 1735 722 1743 .
757 1716 864 1756 quae
898 1735 905 1742 .
934 1735 941 1742 .
969 1734 977 1742 .
1010 1701 1258 1742 tenendum.
1326 1701 1438 1743 Nam
1479 1735 1487 1743 .
1514 1735 1522 1743 .
1549 1734 1557 1743 .
1591 1716 1667 1744 exe
1699 1735 1707 1745 .
1734 1735 1742 1744 .
1770 1736 1778 1744 .

346 1855 359 1885 1
389 1850 446 1885 Sic
473 1850 611 1892 Codex3
637 1861 707 1885 sec.
733 1861 782 1884 111.
809 1853 943 1894 cogitet.

343 1912 362 1941 2
386 1906 544 1951 Explicit
569 1905 764 1951 quaternio
790 1906 981 1941 secundus.
1031 1905 1166 1951 Incipit
1191 1905 1278 1941 Cod.
1306 1906 1476 1942 Ambros
1502 1919 1537 1953 p.
1559 1911 1612 1943 65.

343 1968 363 1998 3
389 1963 527 1998 Contra
555 1963 651 1998 hanc
683 1962 955 1998 contumaciam
987 1963 1091 1997 extat
1118 1962 1176 1997 Pii
1205 1963 1267 1997 lex
1298 1963 1371 2008 dig.
1398 1967 1453 1998 42.
1473 1967 1506 1998 4.
1525 1968 1561 2007 7,
1602 1963 1682 1999 lata
1709 1965 1780 2000 for-

253 2022 350 2055 {usse
376 2031 419 2055 ex
442 2020 548 2054 huius
572 2020 646 2054 litis
671 2019 871 2055 occasione.
922 2022 1047 2054 Maius.

341 2081 363 2111 4
386 2076 455 2111 Hic
479 2078 516 2111 et
545 2077 584 2111 iu
615 2076 854 2122 sequentibus
884 2076 996 2121 paulo
1020 2075 1130 2120 plura
1153 2076 1285 2119 verba,
1321 2087 1432 2121 quam
1464 2087 1530 2112 nos
1559 2077 1780 2122 scripsimus,

254 2133 459 2179 supplenda
483 2134 576 2168 sunt.
619 2137 745 2168 Maius.

342 2194 362 2226 5
386 2190 502 2224 Abest
526 2202 548 2225 a
574 2190 661 2226 Ood.
689 2194 755 2236 qui
797 2189 1043 2234 Probabilius,
1068 2193 1110 2224 ut
1133 2189 1172 2224 in
1197 2201 1237 2225 re
1261 2200 1411 2236 prorsus
1435 2190 1588 2235 incert‘t,
1614 2172 1778 2237 expleas:

254 2260 349 2292 qnam
379 2247 409 2281 si
441 2258 597 2292 cor-poia
627 2250 689 2282 huc
718 2250 804 2282 mitti
830 2260 901 2282 mos
930 2254 1020 2282 esset
1051 2257 1179 2282 eorum
1210 2251 1267 2291 qui
1294 2248 1397 2282 trans
1428 2247 1547 2282 maria
1583 2248 1667 2283 test·
1663 2249 1778 2284 uitur.

253 2303 347 2338 Nam
371 2307 422 2338 his
447 2308 577 2349 quidem
600 2304 729 2338 nullum
752 2307 818 2338 iam
838 2311 955 2348 potest
975 2303 1177 2349 periculum
1201 2315 1397 2357 superesse.
1447 2307 1681 2345 Heindorfe'us.

343 2364 362 2393 G
387 2360 486 2395 Nota
509 2359 707 2395 Frontonis
733 2359 936 2406 disputatio
962 2371 1021 2405 ap.
1049 2359 1208 2395 Gellium
1232 2360 1327 2395 XIX.
1343 2363 1374 2395 8.

345 2421 361 2451 7
389 2416 476 2452 Cod.
502 2429 557 2462 pr.
585 2430 632 2452 m.
659 2421 718 2454 Et.

342 2477 362 2507 S
386 2472 505 2508 Maius
535 2474 677 2509 scribit:
717 2478 809 2509 lueis.
855 2474 954 2509 Malo
987 2473 1086 2518 quod
1116 2473 1212 2509 dedi.
1266 2475 1307 2509 In
1333 2474 1467 2509 Codice
1498 2474 1592 2511 duae
1622 2475 1776 2521 priores.

254 2528 396 2564 litterae
420 2530 620 2575 perierunt.
1009 2528 1018 2556 ⁹

342 2590 362 2620 9
389 2585 493 2621 Cod:
520 2591 655 2622 mcieis.
701 2588 759 2622 An
785 2590 944 2622 arcibus?
984 2590 1199 2623 Niebulm'us.

323 2646 362 2676 10
387 2641 524 2688 Supple
551 2645 634 2679 octo
658 2645 734 2679 fere
758 2644 912 2679 litteras.
962 2645 1037 2678 An·
1063 2643 1128 2679 at
1117 2655 1193 2679 lam
1209 2645 1436 2706 testamenta
1451 2652 1619 2691 protrusa
1634 2649 1669 2680 in
1685 2659 1779 2681 mare

254 2697 482 2741 navigabunt
508 2701 575 2735 eet.
617 2704 851 2745 Heindorfius.

323 2758 358 2788 11
386 2755 519 2800 Incipit
545 2756 631 2791 Cod.
658 2757 827 2792 Ambr.os
854 2770 890 2803 p.
911 2762 965 2802 66,
993 2759 1093 2795 cuius
1117 2771 1206 2805 pars
1230 2759 1433 2805 perexigua
1457 2758 1531 2803 legi
1555 2760 1690 2804 potest.

322 2814 361 2843 12
387 2811 690 2855 Supplenientum
717 2822 749 2849 et
773 2819 904 2851 naulum
929 2820 1021 2861 qnod
1050 2816 1097 2850 ad
1130 2815 1265 2851 codicis
1288 2815 1449 2860 spatium
1473 2816 1591 2859 probe
1616 2814 1779 2860 quadrat

255 2867 465 2910 certumque
489 2868 643 2904 videtur.
694 2873 820 2905 Maius.
