1968 3158
260 168 340 209 106
539 166 587 200 M.
608 164 833 201 CORNELII
858 163 1134 200 monronis
1158 163 1500 201 EPISTULARUM

372 278 725 333 1¹..Atticis
755 278 993 353 propinque
1022 278 1244 359 thymum2
1272 278 1573 334 serpillumque
1594 279 1782 335 hymme-

256 349 365 390 tium
394 312 714 388 ruminantibus
746 346 846 388 viris
880 379 1108 388 ......

502 448 510 455 .
543 413 610 455 vel
640 428 792 469 graves
823 429 874 455 ex
904 414 1169 456 orationibus
1201 415 1390 456 veterum
1420 414 1657 456 sententias
1679 416 1781 458 arri-

254 483 434 538 peretis,
480 481 547 524 vel
586 481 729 523 dulces
770 496 821 523 ex
857 482 1088 537 poematis,
1134 482 1201 523 vel
1232 496 1283 524 ex
1312 481 1493 524 historia
1522 482 1780 539 splendidas,

255 551 320 593 vel
352 564 490 592 comes
521 564 573 591 ex
604 548 786 591 comedis
801 550 830 604 3,
863 550 929 591 vel
958 550 1144 591 urbanas
1175 564 1226 592 ex
1255 549 1438 605 togatis,
1477 550 1544 591 vel
1581 564 1632 592 ex
1663 551 1782 593 Atel—

254 618 365 660 lanis
395 618 558 673 lepidas
589 620 632 660 et
661 618 824 661 facetas
858 650 1173 659 ........

611 729 710 774 III.
754 731 1003 787 (Magistro
1033 730 1136 774 Meo
1168 728 1423 786 Salutem.)

256 855 481 864 ......
520 823 833 878 eaep2014ratum
879 824 1006 878 atque
1050 821 1293 876 expeditum
1337 821 1413 875 sit,
1460 821 1519 862 mi
1558 822 1778 878 magister,

253 905 380 945 quam
409 892 485 932 tua
517 890 701 932 clemens
730 890 778 932 in
817 890 969 932 officiis
1009 890 1231 931 adversum
1267 891 1310 930 te
1348 889 1507 931 nostris
1543 889 1779 945 interprae-

251 958 359 1000 tatio
392 991 401 1000 .
435 957 608 1001 Scribo⁵
638 958 773 1014 igitur
793 958 978 1000 Domino
1008 971 1102 999 meo
1131 956 1349 1011 pollicenti
1381 957 1462 998 tibi
1492 957 1650 999 multas
1681 973 1779 1000 suas

251 1026 439 1081 litteras,
480 1026 734 1081 comperisse
770 1028 813 1068 te
853 1040 905 1067 ex
933 1040 1000 1066 me
1032 1039 1139 1079 quae
1169 1023 1429 1066 mandavitss.
1490 1025 1599 1067 Tum
1639 1027 1781 1068 cetera

252 1094 505 1136 adfectionis
537 1097 580 1136 et
611 1094 822 1136 comitatis
852 1095 952 1135 tuae
982 1092 1209 1146 subnecte,
1248 1091 1307 1133 mi
1336 1091 1563 1147 magister:
1602 1106 1704 1135 nam
1733 1093 1780 1136 in

238 1161 407 1203 litteris
445 1162 552 1217 tuis,
607 1165 656 1203 ut
702 1175 880 1216 aequom
919 1162 1006 1214 est,
1053 1159 1329 1215 adquiescit7.
1390 1159 1486 1215 Ego
1523 1160 1651 1202 biduo
1681 1160 1777 1216 isto,

250 1229 333 1271 nisi
365 1230 476 1285 quod
504 1229 705 1272 nocturni
737 1229 874 1271 somni
907 1228 1021 1283 cepi,
1063 1227 1172 1269 nihil
1207 1227 1424 1286 intervalli
1454 1226 1605 1270 habui:
1652 1243 1780 1284 quam

250 1298 304 1339 ob
333 1312 423 1339 rem
452 1298 642 1339 nondum
671 1297 813 1353 legere
844 1296 1071 1352 epistulam
1107 1295 1380 1351 prolixiorem
1409 1294 1594 1337 Domino
1623 1310 1717 1339 meo
1754 1312 1780 1338 a

214 1367 218 1370 “
249 1368 292 1407 te
323 1365 556 1420 scriptam8
586 1365 727 1420 potui:
767 1365 840 1406 sed
871 1364 1104 1407 crastinam
1134 1363 1500 1419 opportunitatem
1531 1363 1652 1405 avide
1681 1378 1778 1419 pro-

250 1433 397 1488 spicio.
463 1432 580 1488 Vale,
612 1433 669 1474 mi
702 1432 1006 1475 iucundissime
1036 1431 1254 1487 magister.
1314 1430 1529 1486 Nepotem
1560 1430 1712 1473 saluta.

632 1546 716 1589 IV.
758 1545 990 1599 Magistro
1019 1545 1122 1589 Meo
1155 1542 1388 1589 Salutem.

362 1637 524 1687 Qu0m⁰
562 1637 791 1679 salubritas
829 1636 940 1678 ruris
970 1636 1096 1678 huius
1132 1650 1200 1677 me
1239 1635 1492 1690 delectaret,
1540 1635 1778 1677 sentiebam

247 1721 335 1747 non
364 1706 575 1747 mediocre
604 1705 710 1746 illud
739 1704 843 1746 mihi
875 1705 1033 1759 deesse,
1066 1704 1129 1747 uti
1161 1704 1211 1746 de
1240 1705 1316 1745 tua
1346 1717 1511 1758 quoque
1531 1703 1645 1745 bona
1664 1703 1775 1746 vale-

247 1773 396 1815 tudine
428 1775 567 1815 certus
599 1787 748 1828 essem,
781 1763 847 1815 mi
869 1773 1089 1829 magister.
1121 1772 1215 1814 Id¹⁰
1236 1771 1301 1813 uti
1322 1770 1535 1826 suppleas,
1568 1771 1666 1813 deos
1688 1786 1774 1814 oro.

247 1840 488 1883 Rusticatio
520 1843 663 1883 autem
682 1843 830 1883 nostra
860 1843 963 1895 μετὰ
992 1841 1207 1884 πολιτεία(
1237 1853 1410 1894 prorsus
1430 1838 1652 1894 negotium
1671 1838 1777 1881 illud

248 1911 313 1950 est
333 1909 446 1950 vitae
457 1909 490 1952 ¹}
511 1911 699 1964 togatae.
747 1908 857 1958 Quid
878 1908 1078 1964 quaeris?
1107 1908 1220 1949 hanc
1250 1907 1388 1962 ipsam
1418 1905 1645 1961 epistulam
1673 1920 1796 1961 pau--

246 1976 380 2018 lulum
408 1991 476 2018 me
497 1991 677 2032 porgere
697 1991 786 2018 non
807 1977 957 2018 sinunt
975 1976 1189 2017 instantes
1212 1974 1730 2029 curae,'quarum-vacacio
1744 1974 1776 2000 ¹²

361 2082 378 2112 1
405 2077 579 2123 Sequitur
610 2077 697 2112 Cod.
729 2077 855 2113 Ambr.
883 2090 918 2123 p.
938 2081 1020 2121 234,
1060 2087 1155 2122 quae
1185 2077 1268 2111 tota
1296 2075 1454 2119 interiit,
1495 2075 1646 2120 praeter
1682 2075 1774 2110 duas

246 2133 447 2170 sententias
469 2133 509 2168 in
532 2133 711 2178 margine.

359 2194 379 2225 2
403 2190 462 2225 Ita
487 2189 610 2225 Codex
633 2191 675 2225 ut
698 2189 844 2226 videtur
867 2201 934 2235 per
949 2204 981 2236 y.
1031 2189 1150 2225 Maius
1176 2192 1319 2225 thimum.

359 2251 379 2282 3
402 2247 460 2282 Ita
485 2245 619 2282 Codex.

357 2306 379 2337 4
402 2303 560 2338 Lacuna.
612 2302 785 2348 Sequitur
815 2315 859 2338 ex
884 2302 955 2338 alio
981 2301 1223 2347 quaternione
1248 2301 1336 2336 Cod.
1362 2300 1481 2336 Vatic.
1507 2312 1544 2346 p.
1565 2303 1640 2344 144,
1674 2299 1773 2335 lectu

246 2358 413 2394 difficilis.
465 2357 633 2404 Quinque
657 2359 802 2395 litteras
826 2360 871 2395 de
897 2359 1108 2394 coniectura
1131 2357 1269 2394 addidi.

359 2419 379 2450 5
403 2415 554 2451 Rectius
579 2416 658 2460 erit,
683 2418 725 2451 ut
749 2416 891 2462 opinor,
915 2419 1036 2451 scribe.

359 2476 379 2506 6
402 2472 500 2509 Puta
523 2472 568 2507 de
592 2471 783 2508 mittendis
807 2473 855 2508 ad
879 2483 963 2508 eum
988 2471 1219 2511 orationibus
1241 2471 1301 2507 vel
1326 2471 1371 2506 de
1395 2469 1591 2505 scribenda
1606 2468 1772 2505 Parthici

244 2529 334 2563 belli
357 2527 522 2563 historia.
572 2531 699 2564 Maius.

358 2589 378 2620 7
401 2585 459 2620 An
484 2589 703 2631 adquiescet?

357 2645 377 2676 8
401 2642 496 2676 Puta
519 2642 622 2677 illam
645 2642 829 2688 prolixam
854 2642 1049 2698 epistolam
1074 2643 1122 2678 ad
1145 2642 1284 2678 Verum
1309 2640 1355 2676 de
1380 2636 1602 2683 eloquentia.
1642 2640 1766 2673 Maius.

271 2691 287 2710 s
357 2702 377 2733 9
402 2697 542 2733 Codex:
569 2700 682 2740 Quam.

336 2758 376 2789 10
402 2753 489 2789 Cod.
515 2766 570 2799 pr
598 2767 646 2790 m.
672 2759 713 2792 is.

337 2814 376 2844 11
403 2809 543 2845 Codex:
570 2815 688 2852 veitae,
716 2812 781 2847 sed
805 2812 951 2848 videtur
977 2813 1193 2849 correctum.

336 2869 375 2906 12
399 2866 457 2901 Ita
482 2865 614 2902 Codex.
629 2882 638 2893 ι
