1968 3158
191 176 234 205 Vl
242 176 272 205 11
765 158 951 194 PRoLEG
958 157 1093 192 OMEN
1095 158 1136 192 A.

190 279 289 320 dum
312 277 483 319 venenis
504 291 603 317 usus
625 275 679 315 sit
709 288 859 327 parum
888 272 1064 313 1110111015ὅ
1107 271 1222 314 Η1110
1242 273 1405 314 factum
1427 275 1505 327 est,
1527 275 1576 316 ut
1595 289 1712 316 nunc

191 347 414 401 pleraeque
444 344 628 399 paginae
658 341 808 396 nigrae
838 341 979 381 factae
1011 339 1118 394 51111,
1165 354 1273 394 quae
1303 355 1441 395 neque
1470 340 1595 383 hodie
1626 341 1712 397 legi

192 415 369 469 possunt
398 426 534 466 neque
564 423 764 464 umquam
794 409 1010 463 poterunt.
1072 407 1155 450 Sed
1184 407 1289 449 Maii
1320 422 1484 463 quoque
1521 411 1712 464 tempore

192 481 415 522 lectionem
446 478 549 519 satis
580 476 798 518 difficilem
818 476 964 530 fuisse,
998 490 1049 517 ex
1069 475 1239 518 indiciis
1270 475 1525 531 quibusdam
1555 477 1710 532 efficio,

192 550 303 590 inter
332 561 438 601 quae
469 548 511 587 et
541 545 644 586 illud
675 546 759 599 est,
802 559 897 586 eum
933 544 1003 586 vix
1041 544 1107 585 bis
1137 545 1255 586 terve
1285 544 1440 586 vidisse
1470 544 1714 599 quaternio-

192 630 293 657 num
336 616 481 667 notas,
529 627 636 667 quae
679 613 726 654 in
771 611 984 654 Vaticano
1031 612 1172 653 codice
1216 626 1451 667 numquam
1496 612 1713 654 deficiunt.

192 683 281 724 Has
314 683 425 723 certe
456 681 491 722 si
522 680 715 734 vidisset,
754 694 842 721 non
880 678 1143 735 neglexisset
1181 679 1382 722 adhibere
1423 681 1474 723 ad
1517 680 1716 722 foliorum

191 750 380 791 ordinem
410 748 734 790 restituendum.
1764 799 1772 802 ³

302 817 386 859 Hic
417 817 642 859 dicendum
673 818 737 857 est
768 816 820 857 de
851 816 1090 857 admirabili
1121 816 1302 871 ratione,
1333 831 1463 872 quam
1493 817 1633 859 Maius
1653 831 1716 859 se-

193 887 312 927 cutus
343 887 408 927 est
436 885 482 926 in
512 885 798 939 palimpsestis
829 884 1036 939 legendis.
1079 883 1265 939 Scilicet,
1298 885 1410 940 quod
1438 900 1564 927 nemo
1593 885 1715 941 igno-

191 955 258 995 rat
267 987 278 1008 ,
318 953 390 1009 qui
428 967 629 1008 umquam
666 953 893 1007 rescriptos
926 952 1090 994 codices
1121 953 1325 995 tractavit
1354 968 1492 1009 neque
1522 953 1585 995 rei
1613 953 1717 995 ima-

192 1022 338 1078 ginem
368 1021 447 1062 sibi
478 1020 606 1075 fingit
636 1036 687 1062 ex
715 1020 873 1061 tabulis
902 1019 1244 1075 lithographicis‚
1277 1036 1399 1076 quae,
1434 1036 1529 1063 cum
1559 1023 1718 1063 utram-

193 1104 273 1144 que
304 1089 559 1143 scripturam
582 1089 787 1142 referunt,
820 1090 966 1129 tamen
987 1103 1075 1130 non
1097 1089 1225 1130 nimis
1246 1089 1361 1131 lectu
1383 1089 1580 1132 difficiles
1601 1091 1716 1145 sunt,

195 1157 372 1201 arduum
410 1157 631 1211 negotium
663 1157 727 1197 est
766 1162 808 1197 et
851 1170 1084 1210 paucorum
1121 1155 1366 1212 hominum,
1413 1157 1509 1200 illas
1554 1159 1718 1200 veteres

194 1225 462 1266 membranas
500 1226 613 1266 recte
658 1224 813 1279 legere.
875 1224 1047 1266 Ceteros
1086 1224 1216 1266 libros
1254 1225 1437 1281 legimus
1475 1228 1524 1268 ut
1561 1225 1719 1268 intelli-

193 1308 364 1349 gamus:
403 1292 449 1333 in
490 1292 766 1346 palimpsesto
798 1292 940 1333 codice
972 1307 1098 1347 saepe
1136 1307 1242 1347 opus
1274 1296 1338 1335 est
1368 1297 1416 1336 ut
1446 1294 1564 1349 prius
1593 1293 1721 1335 intel-

194 1360 346 1402 lexeris
378 1375 428 1401 ex
460 1360 778 1401 accuratissima
809 1360 1015 1401 sermonis
1046 1361 1225 1415 notitia,
1266 1362 1366 1417 quid
1406 1363 1589 1417 scriptor
1619 1362 1719 1403 dare

195 1428 430 1470 debuisset:
462 1430 554 1469 tum
581 1428 749 1469 demum
770 1428 1011 1470 litterarum
1032 1430 1184 1470 tenues
1206 1430 1349 1485 apices
1371 1431 1492 1485 quasi
1522 1431 1569 1472 in
1599 1444 1720 1472 voca-

195 1495 294 1537 bula
326 1497 481 1537 coeunt
511 1497 554 1536 et
583 1495 721 1536 lucem
750 1496 965 1551 vitamque
997 1497 1228 1551 accipiunt.
1291 1497 1405 1540 Olim
1436 1498 1626 1553 quidem,
1657 1512 1720 1540 re-

197 1563 390 1605 centibus
419 1563 619 1617 venenis,
654 1578 721 1605 res
753 1564 880 1618 paulo
912 1565 1079 1606 facilior
1112 1567 1204 1606 erat
1236 1580 1364 1620 quam
1387 1566 1511 1608 nobis
1537 1566 1719 1621 videtur,

196 1631 268 1673 sed
284 1633 430 1672 tamen
454 1631 554 1686 quid
571 1631 753 1673 Maius?
770 1631 889 1681 Quod
905 1633 986 1688 ipsi
1010 1648 1173 1674 summo
1195 1633 1285 1675 viro
1306 1633 1462 1676 diserte
1485 1634 1722 1676 affirmanti

196 1700 265 1741 vix
298 1700 464 1754 credas,
505 1714 600 1741 cum
639 1700 773 1742 doctis
814 1701 997 1756 vigilans
1036 1702 1187 1743 studiis
1218 1716 1294 1743 sua
1324 1704 1518 1757 tempora
1547 1704 1719 1757 tereret,

196 1770 244 1809 ut
293 1768 339 1808 in
384 1768 472 1808 eius
518 1771 793 1810 monumento
838 1771 903 1810 est
919 1803 930 1823 ,
979 1770 1134 1811 00(11015
1183 1770 1455 1812 Ambrosiani
1500 1770 1723 1826 negotium

197 1835 415 1876 mandavit
446 1838 696 1877 amanuensi
729 1837 915 1878 cuidam!
966 1837 1120 1879 Postea
1151 1838 1332 1880 Romam
1362 1839 1593 1894 profectus,
1627 1853 1723 1880 cum

198 1917 352 1943 novam
382 1902 611 1943 editionem
642 1904 889 1958 adornaret,
922 1905 1062 1946 Maius
1093 1921 1218 1960 saepe
1250 1907 1422 1961 scripsit
1453 1907 1506 1948 ad
1536 1906 1725 1948 sodalem

198 1968 373 2010 Petrum
392 1969 747 2024 Mazzuchellum‚
780 1973 828 2012 ut
857 1972 1043 2013 codicem
1072 1973 1317 2028 inspiceret,
1351 1975 1423 2016 sed
1455 1990 1551 2016 cum
1570 1975 1725 2016 -fructu

200 2037 364 2093 exiguo.

311 2105 597 2147 Utilissimum
627 2120 731 2160 opus
761 2106 866 2148 fecit
897 2109 1057 2150 amicus
1087 2123 1206 2151 meus
1238 2110 1288 2151 G.
1321 2109 1375 2151 N.
1408 2111 1464 2152 du
1493 2110 1618 2164 Rieu,
1651 2111 1724 2166 qui

202 2175 301 2214 ante
324 2173 484 2228 aliquot
506 2188 641 2215 annos
661 2174 707 2215 in
728 2174 855 2217 Italia
879 2175 1039 2231 degens
1057 2176 1295 2219 studiorum
1319 2193 1467 2232 causa,
1502 2193 1598 2220 cum
1620 2178 1724 2220 alios

201 2243 363 2282 veteres
380 2241 608 2296 scriptores
624 2244 715 2283 tum
725 2242 985 2285 Frontonem
1002 2259 1130 2299 quam
1146 2246 1287 2300 potuit
1302 2247 1489 2288 maxima
1507 2261 1608 2296 cura
1629 2262 1724 2288 cum

203 2308 415 2350 codicibus
434 2309 616 2350 contulit
636 2312 679 2351 et
694 2311 837 2352 omnia
852 2313 1038 2353 maxima
1050 2313 1228 2355 minima
1249 2314 1393 2356 sedulo
1405 2317 1448 2356 et
1467 2315 1604 2370 perite
1626 2329 1724 2356 eno-

201 2376 321 2417 tavit.
363 2375 491 2418 Brevi
512 2379 609 2431 post
629 2378 811 2419 reditum
840 2380 886 2420 in
908 2380 1091 2434 patriam
1113 2382 1159 2422 in
1180 2384 1348 2424 schedis
1377 2386 1587 2426 Vaticanis
1608 2383 1724 2425 dedit

202 2458 298 2484 cum
328 2443 412 2484 alia
441 2445 534 2485 tum
554 2460 709 2486 novam
740 2447 1012 2490 collationem
1033 2448 1250 2491 Ciceronis
1271 2450 1478 2492 librorum
1508 2451 1559 2492 de
1581 2450 1724 2506 Repu-

202 2511 313 2552 blica
322 2545 333 2566 ,
366 2526 493 2566 quam
524 2513 603 2554 viri
625 2513 752 2568 docti,
785 2517 832 2556 ut
849 2516 1017 2570 opinor,
1050 2517 1301 2571 probarunt.
1345 2517 1428 2560 Sed
1450 2533 1545 2560 cum
1566 2518 1612 2560 in
1634 2519 1723 2561 vita

203 2579 528 2633 occupatissima
558 2581 641 2636 ipsi
670 2596 758 2623 non
789 2583 893 2624 satis
923 2584 1000 2625 otii
1031 2585 1087 2626 511
1119 2585 1171 2626 ad
1208 2585 1439 2628 editionem
1469 2587 1722 2641 parandam,

203 2646 363 2688 mavult
409 2648 523 2689 enim
569 2649 859 2692 describendis
900 2653 943 2693 et
982 2652 1262 2707 inspiciendis
1301 2654 1515 2696 codicibus
1546 2654 1724 2696 Leiden-

205 2713 332 2768 sibus,
365 2730 541 2769 quorum
573 2732 673 2759 cura
703 2719 740 2760 ei
771 2719 975 2761 mandata
1006 2722 1092 2775 est,
1126 2721 1305 2763 aliorum
1336 2722 1476 2763 studia
1505 2722 1650 2764 iuvare
1682 2725 1725 2764 et

205 2780 429 2823 incendere
456 2799 535 2825 nec
561 2786 791 2841 quidquam
811 2802 970 2843 negare
1001 2788 1180 2831 honeste
1210 2789 1470 2844 petentibus,
1503 2805 1631 2844 quam
1659 2791 1725 2833 in-

206 2848 320 2903 genii
350 2855 626 2894 monumenta
654 2854 745 2909 ipse
777 2856 956 2897 condere
987 2856 1151 2912 sibique
1182 2859 1225 2899 et
1252 2857 1394 2900 famae
1423 2858 1584 2912 vivere,
1625 2858 1724 2915 quia
