1968 3158
270 168 351 209 124
551 166 599 200 M.
620 164 846 199 CORNELII
870 152 1146 199 FRoNToNI's
1171 163 1513 200 EPISTULARUM

380 279 483 328 Quis
523 292 667 319 eorum
706 278 898 319 oratione
936 291 1012 319 sua
1050 277 1255 333 populum
1294 280 1369 319 aut
1406 281 1602 321 senatum
1640 279 1793 334 adfari,

267 347 360 402 quis
392 346 592 400 edictum,
625 345 719 400 quis
741 344 968 400 epistulam
988 345 1165 387 suismet
1185 345 1325 387 verbis
1347 359 1598 401 componere
1625 346 1796 402 potuit?

267 414 397 464 Quasi
418 413 656 469 phrenitis¹
673 413 846 455 morbus
867 413 1021 468 quibus
1041 413 1275 468 implicitus
1297 414 1374 467 est,
1395 413 1535 455 aliena
1551 414 1795 469 eloquentes

266 481 597 537 imperitabant:
634 483 683 523 ut
711 481 844 523 tibiae
875 481 967 523 sine
998 496 1070 523 ore
1101 481 1240 523 alieno
1270 481 1439 523 mutae2
1470 484 1633 524 eranta.

379 549 612 604 Imperium
643 551 786 593 autem
816 563 904 591 non
942 549 1167 604 potestatis
1196 549 1494 591 tantummodo
1523 549 1794 604 vocabulum,

267 618 340 660 sed
371 617 501 659 etiam
522 616 728 658 orationis
751 617 858 658 esth.
901 616 1067 672 Quippe
1089 617 1151 659 vis
1171 617 1410 672 imperandi
1435 617 1621 659 iubendo
1650 618 1796 659 vetan-

267 686 402 741 doque
434 686 668 727 exercetur.
709 683 806 726 Nisi
826 684 936 726 bene
964 684 1083 726 facta
1113 685 1273 739 laudet,
1305 685 1390 728 nisi
1419 699 1645 740 perperam
1674 686 1797 740 gesta

266 752 574 809 reprehendat,
607 752 691 794 nisi
721 751 916 794 hortetur
947 752 1000 793 ad
1020 753 1236 807 virtutem,
1269 753 1354 795 nisi
1375 768 1400 795 a
1419 752 1536 795 vitiis
1567 752 1795 806 deterreat,

266 835 424 865 nomen
455 835 578 863 suum
609 820 797 874 deserat,
839 822 881 862 et
917 820 1150 875 imperator
1186 820 1347 862 frustra
1378 820 1619 877 appelletur
1651 853 1660 861 .
1696 853 1704 861 .
1741 853 1748 861 .
1785 853 1794 861 .

384 956 415 1011 13
446 958 620 1011 partum
651 956 879 998 suaderent
908 956 1148 1010 imperium.
1191 956 1318 998 Falsa
1346 970 1494 1012 pugna
1524 956 1689 998 deferre
1718 955 1797 996 mi-

266 1025 392 1067 litare
421 1024 638 1080 flagitium
666 1024 962 1066 testimonium
995 1057 1003 1065 .
1031 1057 1038 1065 .
1064 1024 1263 1079 capitalic
1297 1055 1794 1066 ............

229 1135 236 1143 ‚
271 1094 302 1147 14
335 1118 381 1133 ω
414 1096 585 1147 pparcui
616 1109 700 1133 non
733 1095 872 1134 darem
1191 1097 1331 1134 matris
1353 1109 1509 1134 summa
1530 1096 1612 1134 iam
1631 1108 1684 1146 po

411 1153 436 1190 (1
553 1166 682 1191 emem
716 1184 723 1190 .
760 1183 766 1190 .
802 1183 809 1190 .
842 1157 883 1190 at
918 1152 966 1190 al*
1191 1158 1317 1191 testas
1333 1152 1537 1191 destinata
1559 1157 1638 1190 est:
1662 1157 1795 1203 opste-

409 1209 537 1248 latum
568 1215 642 1248 est.
1191 1210 1302 1248 tricis
1324 1223 1448 1248 manu
1469 1209 1685 1260 imperium

1193 1266 1471 1318 adipiscuntur
1509 1297 1516 1303 .
1551 1294 1795 1305 ........

370 1301 586 1351 Plerisque
608 1300 730 1338 etiam
751 1299 949 1351 indignus
963 1296 979 1320 5
1138 1321 1170 1361 (η
1238 1319 1258 1361 x
1387 1328 1452 1361 tus
1682 1334 1706 1359 a
1737 1321 1798 1359 ria

409 1352 631 1408 indignus⁶
653 1361 848 1408 paternus
870 1358 977 1394 locus
1158 1346 1170 1360 ‘
1195 1354 1258 1418 'est
1283 1354 1377 1418 '0ng
1484 1351 1660 1360 ””””
1709 1335 1735 1372 g

409 1414 619 1466 imperium
640 1426 714 1464 per
733 1426 876 1451 manus
1194 1436 1222 1474 h
1324 1408 1331 1418 '¹
1373 1408 1378 1416 '
1417 1408 1796 1418 ”””””””””

411 1470 576 1509 detulit:
603 1470 703 1508 haut
722 1481 837 1508 secus
858 1482 979 1521 quam
1249 1463 1795 1475 ““““““““““““““

410 1527 533 1579 pullis
563 1526 710 1578 quibus
733 1527 878 1565 omnia
893 1539 1016 1577 gene·
1195 1493 1208 1530 l
1227 1523 1316 1587 at’us
1336 1523 1479 1586 'rer'um
1489 1503 1666 1585 ᾑέῃῖΐησὲ
1686 1522 1693 1529 ’
1720 1522 1727 1530 ’
1754 1522 1761 1529 “
1789 1522 1796 1530 ”

411 1585 464 1622 ris
486 1584 667 1634 insignia
688 1582 738 1621 ab
761 1596 837 1622 ovo
859 1583 941 1622 iam
1196 1563 1282 1644 {Jum

410 1641 535 1679 insit-a
555 1646 663 1687 sunt,
688 1641 835 1678 cristae
857 1645 898 1678 et
925 1639 1013 1691 plu·
1316 1633 1661 1644 ”””””””””
1678 1634 1695 1683 (ἱ
1721 1635 1728 1642 ”
1753 1634 1762 1643 ”
1787 1637 1794 1644 “

409 1711 475 1736 ma
497 1703 538 1736 et
558 1702 702 1736 cantus
725 1702 765 1735 et
788 1696 970 1747 vigiliae.
1193 1697 1252 1748 pli
1276 1727 1284 1735 .
1307 1710 1351 1735 cc
1383 1725 1796 1736 .............

408 1754 569 1805 Regum
590 1754 727 1805 pueris
748 1754 790 1791 in
813 1759 928 1791 utero
1197 1784 1204 1791 .
1230 1784 1237 1791 .
1265 1749 1275 1791 .”
1299 1785 1304 1791 .
1332 1784 1338 1791 .
1366 1786 1372 1791 .
1400 1785 1406 1791 .
1437 1753 1550 1804 prior
1570 1765 1689 1791 nemo
1721 1783 1729 1791 .
1755 1783 1762 1790 .
1788 1782 1797 1790 .

382 1909 404 1932 a
429 1900 472 1932 In
496 1901 666 1942 margine:
692 1896 824 1932 Tibiae
849 1896 927 1931 sine
952 1896 1073 1931 alieno
1100 1906 1162 1931 ore
1187 1897 1314 1932 mutae
1339 1897 1457 1932 erant.

381 1954 406 1988 b
432 1956 477 1988 In
500 1957 669 1999 mar-gine.-
698 1953 908 1998 Imperator
933 1952 1051 1988 sciens
1076 1963 1153 1988 esse
1179 1953 1292 1989 debet
1315 1952 1535 1988 litterarum.
1584 1955 1657 1987 Pro
1680 1953 1798 1998 Impe-

269 2011 374 2046 rator
399 2014 523 2045 amicus
547 2013 649 2045 vidit:
676 2037 825 2045 .....
853 2010 1055 2054 aterequea
1074 2038 1080 2044 .
1108 2038 1114 2045 .
1140 2000 1253 2054 forte}
1277 2009 1483 2055 imperator
1500 2019 1616 2054 aeque
1642 2020 1710 2045 ac.
1732 2038 1738 2044 .
1758 2037 1765 2044 .
1787 2038 1794 2045 .

383 2078 402 2101 c
427 2069 471 2101 In
495 2070 665 2110 margine.-
700 2065 847 2100 Veteris
884 2065 1119 2110 eloquentiae
1156 2066 1319 2101 colorem
1343 2065 1607 2101 adumbratum
1632 2064 1798 2101 ostendit

267 2123 338 2159 hac
361 2123 384 2158 1.
399 2133 449 2158 an
474 2151 481 2157 .
509 2151 516 2157 .
1441 2123 1452 2127 ”

383 2253 400 2283 1
427 2247 516 2283 Cod.
541 2259 596 2293 pr.
624 2259 670 2282 m.
695 2250 847 2291 phretis:
874 2258 945 2282 sec.
972 2258 1019 2281 m.
1045 2250 1230 2291 phrenetis.

382 2309 402 2339 2
427 2304 675 2339 Buttmannus
700 2303 828 2339 scribit
852 2307 940 2338 muti.

382 2366 402 2396 3
426 2360 562 2406 Incipit
593 2359 681 2396 Cod.
713 2360 883 2395 Ambros.
916 2372 952 2405 p.
979 2364 1063 2404 411,
1102 2371 1214 2404 quam
1245 2359 1401 2395 exhibeo
1431 2359 1503 2395 fide
1534 2359 1634 2395 Maii.
1690 2359 1796 2403 Quod

268 2416 361 2453 vidit
396 2418 454 2452 est
488 2417 527 2452 in
563 2417 748 2462 margine:
782 2417 929 2453 amicus
966 2417 1059 2451 nihil
1095 2416 1262 2452 distinxit
1295 2418 1462 2463 praeter:
1502 2445 1509 2451 .
1538 2445 1545 2451 .
1573 2444 1581 2453 .
1610 2443 1616 2451 .
1643 2415 1760 2452 oeUIO
1791 2449 1795 2452 .

268 2501 276 2509 .
305 2502 311 2509 .
341 2473 545 2509 CAPITAL
572 2502 864 2509 .........
891 2477 1013 2508 iussum
1030 2480 1090 2508 est.
1132 2473 1306 2518 Sequitur
1330 2473 1405 2509 alia
1430 2473 1615 2509 sententia
1637 2474 1676 2508 in
1700 2485 1798 2509 mar-

269 2530 356 2576 gine
389 2530 536 2566 mediae
561 2531 741 2576 paginae,
772 2530 811 2565 in
842 2542 916 2575 qua
938 2530 1031 2565 haec
1054 2530 1202 2565 tantum
1226 2531 1438 2576 supersunt:
1478 2558 1700 2565 .......
1726 2544 1798 2565 ιιεηι

272 2615 278 2622 .
308 2615 314 2622 .
341 2594 354 2621 t
381 2616 387 2622 .
416 2616 423 2622 .
451 2600 491 2623 eo
517 2615 524 2622 .
550 2601 604 2632 mp
631 2616 638 2622 .
667 2616 674 2622 .
704 2616 711 2622 .
738 2591 941 2632 appellatos,

383 2646 405 2677 4
428 2643 563 2689 Incipit
587 2643 675 2680 Cod.
701 2644 871 2679 Ambros.
897 2656 934 2689 p.
960 2648 1043 2687 420,
1068 2643 1344 2687 obscurissima,
1370 2643 1416 2678 de
1441 2654 1516 2688 qua
1540 2654 1651 2687 quam
1674 2642 1798 2688 potuit

271 2700 545 2736 accuratissime
570 2700 698 2736 retulit
722 2701 871 2736 amicus.
915 2699 1080 2735 Primum
1098 2700 1196 2736 dabo
1222 2699 1322 2745 quod
1345 2699 1384 2735 in
1407 2700 1487 2745 ipso
1504 2699 1609 2734 textu
1626 2700 1795 2745 apparet,

270 2757 416 2792 servata
441 2768 614 2792 versuum
638 2754 908 2793 distributione.

383 2817 403 2848 5
427 2813 499 2848 Pro
523 2817 682 2858 indiynis.

384 2872 403 2902 6
427 2868 593 2906 Erasum.
661 2910 664 2912 ,
