1968 3158
712 164 777 200 AD
802 162 980 200 AMICOS
1004 162 1149 199 LIBER
1174 163 1198 199 1.
1645 163 1723 206 187

189 296 285 326 mae
297 282 325 338 ¹,
356 282 429 338 qui
460 281 599 324 rarius
636 295 765 338 quam
803 294 883 336 ego
921 279 1142 336 scripserit
1179 279 1232 321 ad
1271 279 1429 321 amicos
1470 280 1545 321 aut
1575 277 1724 321 rescri-

189 350 345 408 pserit:
376 364 457 393 nec
489 350 714 406 quisquam
745 349 797 393 de
830 383 838 392 .
873 382 882 392 .
914 363 1074 405 quam.
1100 382 1108 390 .
1141 347 1334 391 noscitur
1366 380 1722 390 .........

694 507 835 553 XIX.
897 507 1190 564 (Fulviano.)
1201 507 1219 534 ²

305 602 401 658 Ego
440 636 448 644 .
484 635 492 644 .
529 634 537 643 .
578 600 659 643 hoc
696 599 978 655 epistularum
1019 632 1723 642 .................

192 704 202 713 .
227 703 237 713 .
263 670 316 726 ,13
338 670 421 713 den
444 703 453 712 .
479 703 488 712 .
520 669 633 712 ultro
664 669 854 724 citroque
877 701 885 710 .
912 701 920 710 .
952 667 1033 710 tibi
1057 701 1065 710 .
1090 701 1099 710 .
1122 670 1190 710 tas
1220 669 1287 710 est
1309 701 1317 710 .
1344 701 1352 710 .
1376 669 1419 710 te
1443 701 1451 710 .
1479 701 1488 711 .
1512 670 1656 710 tamen
1681 702 1689 710 .
1714 702 1723 710 .

191 738 340 781 amicis
371 740 414 782 et
452 737 680 780 comitibus
712 770 721 779 .
755 770 764 779 .
796 735 842 778 hi
874 770 883 778 .
918 769 926 778 .
959 736 1075 791 possi
1109 769 1118 778 .
1153 769 1161 778 .
1193 736 1305 791 quod
1338 770 1347 779 .
1382 770 1390 779 .
1423 751 1511 779 non
1544 770 1552 778 .
1588 770 1597 779 .
1630 738 1727 792 post

193 840 203 850 .
237 841 246 850 .
285 821 393 863 quae
434 841 443 849 .
485 840 493 849 .
536 837 1724 849 ............................
1752 851 1763 860 ‚

193 909 202 918 .
237 909 245 918 .
280 909 289 918 .
324 874 379 931 ,14
418 889 557 931 neque
602 874 710 916 duco
749 888 887 930 neque
934 887 1138 928 umquam
1177 887 1345 928 querar.
1413 873 1522 923 Quid
1562 872 1727 929 igitur?

191 941 382 1003 Non[ne]
422 943 527 986 illud
557 957 724 999 quoque
755 941 927 984 evenire
958 941 1086 996 solet,
1126 943 1175 983 ut
1210 941 1246 983 is
1277 941 1349 996 qui
1382 940 1484 999 [diu]
1519 941 1727 984 amaverit

192 1012 437 1068 quempiam
467 1012 637 1054 subita⁵
657 1010 725 1054 vel
745 1010 920 1053 levitate
942 1024 1107 1051 morum
1138 1010 1204 1052 vel
1236 1009 1358 1065 copia
1387 1024 1594 1052 novorum
1624 1010 1726 1051 ami-

193 1095 338 1123 corum
369 1080 539 1123 desinat
568 1079 770 1122 amarea?
820 1078 912 1122 Scis
944 1092 1252 1134 saepenumero
1289 1077 1370 1120 hoc
1400 1077 1547 1120 multis
1577 1092 1726 1120 usuve-

192 1149 328 1204 nisse,
370 1149 443 1192 sed
473 1163 562 1191 non
599 1150 773 1191 nostrae
802 1161 1029 1190 mensurae
1059 1146 1305 1188 hominibus
1338 1180 1346 1189 .
1381 1180 1390 1188 .
1422 1135 1503 1188 hoc
1535 1179 1544 1188 .
1579 1179 1587 1188 .
1621 1146 1726 1188 alias

237 1251 246 1259 .
279 1217 427 1260 amicis
468 1252 476 1260 .
511 1218 549 1260 ,⁸
587 1215 871 1275 dilige[ntiae]
914 1250 923 1259 .
957 1216 992 1259 ‚⁷
1031 1216 1205 1258 nostrae
1242 1214 1515 1258 mediocritas
1554 1214 1724 1258 retinet.

396 1308 509 1353 XX.
569 1308 752 1352 Fronto
783 1305 954 1352 Sardio
986 1305 1252 1351 Saturnino
1287 1303 1522 1350 Salutem.

306 1389 617 1432 Gravissimum
641 1403 787 1436 casum
815 1387 963 1430 tuumb
985 1387 1149 1430 recenti
1171 1386 1284 1429 malo
1306 1386 1517 1428 consolari
1538 1386 1725 1442 nequivi,

191 1458 430 1515 periculosa
449 1456 694 1500 valetudine
724 1456 817 1512 ipse
848 1456 916 1498 et8
946 1456 992 1498 in
1022 1455 1104 1498 hoc
1133 1470 1267 1511 usque
1297 1457 1467 1510 tempus
1498 1454 1728 1496 comflicta-

191 1529 285 1581 tus3
326 1541 423 1569 cum
452 1525 624 1581 quidem
661 1524 768 1566 mihi
798 1524 1007 1579 languore
1036 1524 1150 1566 fesso
1187 1523 1374 1579 plurium
1407 1522 1727 1578 aegritudinum

195 1594 344 1653 [venit]
392 1593 571 1636 nuntius
615 1593 761 1635 amissi
807 1592 973 1634 iuvenis
1011 1592 1145 1634 nostri
1160 1625 1171 1646 ‚
1221 1605 1346 1647 quem
1391 1590 1471 1632 tibi
1517 1591 1727 1646 optimum

193 1663 327 1705 filium
347 1663 437 1705 fors
457 1662 607 1718 iniqua
628 1660 821 1715 abstulit,
854 1659 959 1702 mihi
980 1659 1337 1703 iucundissimum
1359 1658 1724 1702 contubernalem.

192 1731 327 1782 Quam
345 1731 400 1773 ob
418 1745 507 1773 rem
523 1744 782 1786 quamquam
799 1729 1039 1785 reciperata
1055 1728 1112 1770 sit
1128 1728 1348 1771 commoda
1364 1726 1576 1781 valetudo,
1595 1727 1727 1769 tristi-

193 1800 255 1842 tia
271 1801 418 1842 tamen
433 1798 632 1841 inhaeret
647 1798 790 1840 animo
805 1812 914 1852 meo,
929 1797 1151 1853 magisque
1167 1797 1213 1838 in
1229 1796 1318 1838 dies
1337 1797 1522 1852 augetur
1536 1810 1727 1838 maerore

193 1867 303 1923 Lupi
333 1866 375 1910 N
380 1868 418 1910 ,9
447 1867 629 1910 fratrem
658 1866 868 1922 optimum
898 1865 1052 1907 misere
1083 1863 1380 1907 desiderantis.
1441 1863 1578 1914 Quom
1607 1878 1727 1919 prae-

195 1937 362 1979 sentem
393 1950 443 1978 ac
471 1935 718 1995 loquentem
749 1934 820 1977 vix
852 1933 1155 1987 consolarerffl,
1188 1931 1327 1974 sentio
1348 1947 1476 1987 quam
1507 1931 1725 1974 difficile¹¹

308 2073 332 2097 a
356 2064 400 2096 In
423 2064 591 2106 mmyine:
623 2059 837 2095 Amicorum
861 2058 970 2105 copia
992 2058 1158 2094 veterem
1182 2056 1341 2093 amicum
1367 2056 1513 2093 desinat
1537 2067 1674 2093 amare.

243 2152 250 2159 ,
306 2118 332 2153 b
357 2120 402 2153 In
425 2121 594 2162 margine:
619 2116 910 2153 Consolatoriae.

312 2213 328 2244 1
354 2209 413 2244 Ita
434 2207 570 2252 Maius,
595 2208 661 2244 sed
685 2207 964 2253 distinguuntur
987 2205 1148 2251 vestigia
1171 2205 1343 2241 vocabuli
1367 2205 1558 2251 longioris.

309 2270 330 2302 2
354 2265 453 2301 Num
475 2265 539 2301 ille
564 2265 622 2300 est
645 2264 709 2311 qui
733 2264 822 2301 olim
845 2263 917 2299 fuit
934 2261 1128 2299 Sallustius
1154 2262 1193 2298 et
1217 2262 1285 2298 sub
1302 2262 1402 2299 Vero
1419 2263 1511 2308 Imp.
1531 2262 1729 2298 militavit?

195 2323 254 2359 Ad
276 2322 363 2358 Ver.
389 2322 481 2367 Imp.
507 2321 542 2356 Π
567 2333 624 2367 ep.
652 2326 683 2358 3.
734 2324 860 2358 Maius.
1183 2361 1186 2363 ,

311 2383 332 2415 3
357 2378 532 2422 Sequitur
558 2377 646 2414 Cod.
672 2390 708 2424 p.
735 2380 821 2421 282,
845 2387 942 2422 quae
967 2376 1170 2413 admodum
1193 2376 1291 2412 male
1315 2376 1446 2412 habita
1471 2377 1538 2411 est.

309 2439 331 2470 4
357 2433 493 2479 Incipit
506 2432 595 2469 Cod.
613 2446 648 2479 p.
669 2437 751 2470 281:
778 2433 919 2470 amicus
943 2433 1035 2469 nihil
1049 2433 1177 2478 legere
1194 2432 1317 2478 potuit
1339 2433 1491 2478 praeter
1507 2432 1721 2478 marginem.

314 2495 335 2527 5
358 2489 503 2526 Malim:
528 2492 648 2525 subito.

313 2551 333 2583 6
358 2547 399 2582 In
428 2546 487 2581 his
511 2546 652 2582 lacunis
677 2547 763 2582 sunt
787 2557 914 2582 versus
940 2546 1113 2591 quinque.
1165 2548 1293 2581 Maius.

313 2608 332 2640 ‘1
358 2602 497 2649 Supple
523 2614 635 2638 unum
658 2603 826 2639 verbum.
869 2605 993 2639 Maius.

317 2665 338 2697 8
361 2659 506 2696 Malim:
531 2665 681 2705 ipsemet.
732 2662 859 2696 Maius.

311 2721 332 2752 9
355 2717 493 2752 Recole
518 2727 575 2762 ep.
601 2715 644 2751 X.
694 2719 820 2754 Maius.

292 2778 333 2810 10
356 2772 491 2809 Maius:
518 2777 684 2809 consoler.
716 2772 967 2809 Heindorfius:
995 2776 1095 2817 Quem
1112 2786 1218 2820 quum.
1253 2772 1484 2821 Schopenus:
1511 2776 1611 2818 Quem
1635 2788 1730 2820 quum

197 2838 412 2877 praesentem
436 2833 638 2876 alloquendo
662 2833 722 2865 υἱω
745 2834 914 2868 consoler.

291 2892 331 2923 11
358 2886 496 2934 Supple
520 2890 575 2923 sie.
624 2889 751 2923 Maius.
