1968 3158
252 125 337 167 200
399 119 411 125 ··
534 123 582 157 Μ.
610 121 836 158 CORNELII
859 120 1136 156 FRONTONIS
1161 120 1503 158 EPISTULARUM

253 251 387 291 cessu,
419 235 691 277 Baburianae
723 248 821 277 vero
850 248 997 286 maqno
1018 248 1140 287 opere
1167 234 1401 276 iucundum
1429 235 1661 290 impetratu
1689 235 1779 278 fue·
1840 267 1852 279 .

253 306 337 346 rita
357 319 386 345 11
405 336 412 344 .
435 305 591 345 ,6111113
609 337 617 345 .
638 336 647 345 .
671 317 777 355 quae
807 302 858 344 de
889 302 1110 344 sententia
1135 302 1211 344 tua
1231 316 1455 343 usurarum
1473 335 1658 346 .......
1675 318 1779 359 11611-

254 372 368 414 ditur
407 385 431 413 0
464 405 472 413 .
507 405 515 412 .
548 386 577 413 11
614 370 869 413 exstruendo
907 370 1170 426 adiungatur
1210 403 1524 412 ........
1536 369 1548 396 ¹
1580 371 1692 413 hone
1725 403 1734 413 .
1769 405 1777 412 .

254 439 469 495 quondam
502 472 510 481 .
546 472 554 480 .
587 438 737 494 petita.
794 437 1034 482 Contulisse
1068 471 1076 479 .
1111 471 1119 480 .
1151 435 1359 479 infamia²
1387 437 1570 480 multata
1597 438 1779 480 videtur.

253 507 304 549 Id
333 507 491 562 populo
521 521 687 562 quoque
720 539 1170 548 ...........

570 608 633 651 X.
679 607 782 664 (III
811 607 946 651 Viris
974 608 1025 651 et
1053 607 1427 663 Decurionibus)
1438 607 1470 649 3.

369 698 566 748 Quantae
604 699 711 740 mihi
751 712 875 740 curae
917 732 924 740 .
961 731 969 739 .
1006 715 1023 740 .·
1049 731 1584 740 .............
1631 697 1783 740 11111110-

256 782 337 823 que
367 767 515 809 malim
539 767 710 825 patriae
740 767 914 808 nostrae
943 765 1123 808 tutelam
1155 767 1325 808 auctam
1361 780 1489 822 quam
1518 780 1658 808 meam
1688 780 1784 823 gra-

255 835 362 877 tiam
373 837 403 877 4.
546 826 550 830 K

370 902 509 952 Quare
548 902 703 944 suadeo
736 902 856 944 vobis
893 903 1098 957 patronos
1139 915 1282 944 creare
1320 903 1363 943 et
1401 902 1572 943 decreta
1607 902 1654 944 in
1692 915 1786 946 eam

258 985 348 1013 rem
378 971 549 1012 mittere
580 970 633 1012 ad
654 985 739 1025 eos,
772 969 844 1025 qui
874 984 990 1012 nunc
1016 969 1100 1012 fori
1128 970 1368 1024 principem
1388 969 1529 1011 locum
1558 972 1784 1026 occupant,

258 1038 478 1080 Aufidium
507 1037 793 1092 Victorinum,
833 1051 959 1093 quem
988 1037 1036 1079 in
1065 1051 1242 1079 numero
1279 1037 1545 1093 municipum
1573 1037 1742 1080 habetis
1754 1038 1784 1092 ⁵,

245 1106 295 1159 ,si
326 1106 367 1148 di
410 1105 589 1148 consilia
626 1121 721 1148 mea
758 1106 965 1147 iuverint:
1003 1110 1106 1147 nam
1142 1104 1276 1146 filiam
1312 1119 1452 1147 meam
1489 1105 1696 1161 despondi
1732 1105 1785 1160 61,

259 1188 339 1216 1166
376 1173 527 1215 melius
567 1175 641 1215 aut
685 1173 791 1215 mihi
835 1173 907 1214 1116
950 1173 1270 1228 posteritatem,
1318 1174 1393 1214 aut
1429 1187 1549 1215 meae
1585 1172 1698 1215 filiae
1741 1173 1789 1215 in

260 1255 430 1284 omnem
458 1241 594 1283 vitam
626 1241 844 1283 consulere
864 1240 997 1295 potui⁷
1031 1254 1157 1295 quam
1189 1254 1286 1282 cum>
1304 1240 1434 1282 talem
1455 1240 1560 1282 mihi
1582 1254 1789 1296 generum

263 1309 385 1352 cum⁷
414 1309 499 1351 illis
529 1309 718 1351 moribus
747 1310 954 1364 tantaque
986 1307 1229 1363 eloquentia
1260 1307 1382 1364 elegi.

376 1377 602 1419 Servilium
626 1391 793 1432 quoque
815 1375 1032 1418 SilanumS
1053 1375 1261 1430 optimum
1290 1377 1333 1417 et
1354 1374 1707 1418 facundissimum
1727 1375 1788 1417 vi-

261 1459 358 1486 rum
379 1444 471 1486 iure
492 1444 721 1499 municipis
741 1445 973 1499 patronum
987 1443 1216 1498 habebitis,
1241 1458 1337 1485 cum
1357 1443 1413 1485 sit
1430 1443 1573 1486 vicina
1594 1444 1637 1485 et
1652 1443 1790 1485 amica

263 1512 436 1555 civitate
479 1511 683 1567 Hippone
719 1510 871 1567 Regio.
931 1510 1197 1552 Postumium
1240 1510 1439 1553 Festum9
1481 1512 1524 1553 et
1552 1512 1791 1553 morumlet

377 1682 399 1706 a
423 1673 468 1705 In
491 1674 659 1715 maryine:
690 1669 861 1705 Postulat
885 1663 929 1694 —‘
952 1679 1041 1704 vero
1065 1668 1266 1704 iucundum
1289 1688 1333 1694 —
1357 1668 1479 1705 fuerit.

378 1813 396 1843 1
421 1807 600 1843 Excidere
625 1806 771 1852 septem
793 1815 931 1840 versus.

376 1868 396 1899 2
423 1863 512 1900 Cod.
539 1874 596 1908 pr.
621 1874 669 1897 m.
696 1865 878 1906 infamiam.

384 1925 403 1956 3
428 1919 655 1955 Exciderunt
689 1919 728 1953 in
765 1917 899 1954 Codice
936 1917 1031 1952 duae
1065 1917 1236 1962 paginae.
1283 1917 1417 1963 Incipit
1439 1930 1476 1963 p.
1502 1921 1579 1954 306.
1627 1918 1795 1963 Apparet

269 1977 422 2021 quidem
463 1976 595 2020 quibus
633 1975 791 2020 epistola
825 1972 1064 2009 inscribenda
1099 1973 1168 2018 sit,
1211 1974 1278 2010 sed
1312 1974 1424 2009 binae
1457 1974 1607 2010 fuerunt
1640 1973 1796 2010 Fronto-

267 2033 323 2068 nis
347 2033 385 2067 in
410 2033 481 2068 hoc
505 2031 600 2066 libro
624 2030 773 2066 litterae
804 2030 852 2066 ad
881 2029 1060 2074 IIIViros,
1097 2030 1142 2066 de
1166 2030 1296 2075 primis
1319 2030 1442 2065 verbis
1466 2030 1650 2066 dubitatio
1675 2031 1732 2066 est
1756 2031 1794 2066 et

266 2089 347 2125 fieri
370 2089 498 2134 potest
523 2089 564 2122 ut
589 2087 796 2133 supplenda
827 2086 900 2121 sint
930 2086 1047 2122 verba
1071 2086 1272 2131 superioris
1297 2086 1495 2131 epistolae:
1536 2089 1639 2122 Meae
1662 2090 1792 2132 yloriae

268 2150 378 2182 totius.
429 2144 596 2180 Praetuli
620 2143 720 2188 quod.
745 2154 827 2178 cum
858 2142 1031 2178 foliorum
1055 2142 1296 2188 dispositione
1320 2142 1452 2178 melius
1477 2142 1688 2186 quadraret.

379 2205 401 2236 4
423 2201 606 2236 Videntur
631 2199 755 2235 Cirtae
786 2199 1002 2235 decuriones
1032 2197 1206 2244 petivisse
1231 2210 1253 2233 a
1276 2198 1463 2234 Frontone
1494 2199 1535 2233 ut
1557 2199 1704 2244 patriae
1738 2200 1793 2234 tu-

265 2258 382 2294 telam
404 2257 625 2303 susciperet;
650 2255 710 2291 hic
732 2266 821 2291 vero
847 2256 1014 2299 suadere,
1039 2256 1081 2290 ut
1105 2254 1196 2290 alios
1218 2254 1342 2300 potius
1366 2255 1546 2300 patronos
1571 2254 1791 2291 adsciscant.

267 2317 393 2352 Maius.
443 2312 588 2358 Operae
612 2311 774 2358 pretium
799 2313 856 2347 est
878 2312 938 2347 hic
964 2312 1129 2347 conferre
1153 2310 1408 2347 Niebuhrium.

380 2373 400 2406 5
422 2369 647 2405 Niebuhrius
670 2368 765 2413 legit
788 2359 962 2404 habebitis.

380 2430 400 2461 6
423 2425 580 2461 Addidit
601 2424 847 2461 Heindorfius.

380 2486 400 2517 7
424 2482 482 2517 113
506 2481 640 2518 Codex.

380 2542 401 2574 8
426 2537 622 2574 Servilium
646 2537 810 2573 Silanum
836 2537 972 2573 occidit
996 2536 1231 2582 Commodus,
1255 2537 1443 2583 Lamprid.
1471 2548 1501 2572 c.
1527 2541 1559 2573 7.
1607 2537 1716 2574 Certe
1739 2537 1808 2572 illi'

268 2595 411 2640 Silano,
448 2595 511 2639 qui
534 2594 605 2630 fuit
637 2595 761 2630 consul
788 2605 885 2630 anno
912 2593 1106 2630 Commodi
1128 2593 1217 2640 imp.
1244 2593 1406 2637 decimo,·
1430 2593 1599 2639 plerique
1623 2595 1794 2630 auctores

266 2651 304 2686 in
328 2652 510 2688 fastorum
535 2650 679 2697 Sigonii
703 2650 980 2687 continuatione
1003 2661 1140 2686 nomen
1162 2650 1306 2686 faciunt
1329 2648 1535 2686 Servilium.
1584 2653 1711 2688 Maius.

381 2712 400 2742 9
425 2708 578 2743 Festum
600 2707 832 2744 Postumium
863 2719 946 2743 cum
969 2706 1158 2744 Frontone
1188 2707 1317 2742 nostro
1340 2706 1575 2742 fabulantem
1597 2705 1689 2742 facit
1712 2706 1795 2742 Gel-

266 2763 337 2798 lius
361 2763 455 2799 XIX.
486 2769 537 2799 13.
587 2765 709 2799 Lubet
732 2766 859 2799 autem
885 2763 1083 2799 observare
1108 2762 1297 2798 Titianum
1319 2762 1425 2797 illum
1449 2762 1653 2806 oratorem,
1685 2762 1748 2807 qui
1771 2774 1794 2797 a

268 2818 419 2856 Sidonio
443 2820 510 2865 Ep.
537 2821 564 2855 1.
594 2824 611 2855 1
639 2819 773 2856 dicitur
799 2820 902 2855 secta
925 2819 1196 2864 frontonianus,
1219 2819 1259 2855 in
1281 2819 1523 2865 inscriptione
1547 2819 1683 2863 vetere¹
1708 2818 1794 2863 (Sir-
