1968 3158
746 179 809 215 DE
834 179 1027 216 NEPOTE
1052 179 1239 218 meso.
1674 184 1755 228 231

219 306 348 349 quam
387 293 443 335 sit
471 307 539 336 res
569 294 822 350 imperiosa·
833 328 845 350 ,
885 294 979 351 quis
1018 296 1061 337 te
1099 296 1239 353 magis
1276 296 1423 340 norit?
1482 297 1566 341 Sed
1594 312 1669 342 oro
1699 302 1756 354 te,

218 359 324 404 illud
361 361 463 417 quid
501 364 590 416 est,
640 363 751 419 quod
789 363 835 405 in
877 363 962 405 fine
1000 363 1208 419 epistulae
1248 379 1423 408 manum
1462 366 1753 411 condoluisse*

218 427 362 471 dieis?
421 429 629 473 lllatenus
659 430 858 486 dolueris,
891 431 949 473 mi
981 431 1201 488 magister,
1234 433 1268 476 si
1300 447 1366 475 me
1398 437 1638 490 compotem
1668 437 1754 479 voti

218 497 287 539 di²
336 496 437 539 boni
486 498 667 541 faciunt.
739 497 846 541 Vale
892 498 950 541 mi
1000 499 1210 556 magister
1257 501 1439 557 optime,
1498 504 1755 558 φιλόετοργε

216 563 420 618 ἄνθρωπε
430 565 461 608 ³.

246 647 249 650 -
891 625 988 666 Litt.
1020 626 1085 666 At.

770 701 829 744 M.
866 701 1200 747 FRONTONIS

675 769 738 806 DE
762 767 918 806 FERIIS
946 769 1256 809 ALSIENSIBUS
1267 774 1290 808 ⁴.

717 1081 791 1133 M.
820 1080 1252 1137 FRONTONIS

563 1193 661 1241 DE
714 1193 1004 1242 NEPOTE
1073 1194 1381 1246 AMISSO⁵.

618 1315 661 1359 1.
706 1304 939 1371 Magistro
969 1317 1071 1362 neo
1102 1315 1337 1362 Salutem.

322 1405 450 1449 Modo
482 1407 665 1463 cognovi
684 1407 747 1450 <de
779 1422 896 1451 casn.
940 1407 1049 1452 Cum
1078 1411 1224 1452 autem
1253 1409 1300 1451 in
1330 1409 1516 1466 singulis
1547 1410 1745 1453 articulo·

209 1488 304 1515 rum
340 1476 512 1516 tuorum
554 1475 771 1518 doloribus
808 1477 999 1531 torqueri
1037 1475 1216 1532 soleam,
1263 1477 1323 1519 mi
1367 1477 1596 1534 magister,
1643 1479 1745 1534 quid

209 1541 400 1597 opinaris
430 1556 498 1584 me
526 1543 633 1598 pati,
667 1557 763 1586 oum
793 1543 985 1586 animum
1015 1544 1192 1586 dolesb?

322 1609 443 1652 Nihil
476 1610 731 1653 conturbato
761 1610 868 1653 mihi
906 1611 1021 1654 aliud
1051 1612 1098 1654 in
1128 1614 1318 1655 mentem
1349 1613 1481 1668 venit,
1519 1629 1647 1669 quam
1678 1629 1743 1657 ro-

144 1696 149 1699 *
207 1686 312 1734 gare
339 1679 383 1720 te
422 1680 471 1720 ut
509 1692 732 1721 conserves
768 1678 875 1722 mihi
916 1678 1208 1722 dulcissimum
1245 1681 1525 1737 magistrum,
1575 1682 1623 1723 in
1659 1697 1742 1738 quo

207 1746 334 1802 plura
363 1746 523 1789 solacia
561 1746 674 1789 vitae
711 1746 837 1790 huius
875 1745 1028 1803 habeo,
1068 1747 1222 1803 quam⁶
1256 1748 1337 1790 tibi
1373 1748 1576 1791 tristitiae
1617 1749 1742 1792 istius

321 1883 344 1907 a
367 1874 412 1907 In
435 1874 604 1917 margine:
628 1869 864 1907 Verecundia,
888 1870 1010 1916 officii,
1034 1882 1092 1908 res
1117 1870 1229 1908 offleii
1253 1883 1311 1907 res
1335 1872 1545 1918 imperiosa.

320 1927 346 1963 b
371 1930 417 1963 In
440 1931 609 1973 margine.-
651 1926 743 1963 Cum
779 1927 1019 1964 articulorum
1054 1929 1204 1964 tuorum
1239 1927 1429 1964 doloribus
1464 1930 1654 1975 torquear,
1689 1930 1739 1966 mi

206 1984 397 2031 magister,
422 1984 512 2030 quid
527 2004 572 2010 -
596 1983 722 2020 doles?

322 2103 338 2134 1
366 2098 507 2135 Codex:
539 2100 757 2134 consoluisse.
805 2097 925 2133 Maius
956 2097 1045 2134 satis
1070 2097 1231 2137 ridicule¹
1248 2102 1465 2135 consuluisse.

320 2159 341 2191 2
367 2153 562 2200 Supplevit
584 2154 715 2190 Maius.

321 2216 342 2248 3
368 2211 511 2247 Graeca,
523 2209 643 2246 Maius
657 2209 901 2247 omisitinEd.
911 2211 1018 2247 Rom.
1034 2210 1174 2286 Codex.
1189 2213 1233 2248 Φ.
1249 2212 1286 2247 Χ.
1306 2211 1681 2250 8ΤΟΡυΓΕΑΝΟΡΩ..
1698 2213 1735 2249 C.

320 2271 343 2304 4
368 2267 509 2304 Codex.
535 2270 747 2304 Alsensibus.

319 2328 341 2360 5
364 2324 394 2359 E
417 2323 615 2360 Frontonis
633 2323 833 2370 nepotibus
856 2335 950 2359 unus
975 2284 1109 2360 saltem
1132 2324 1315 2371 superfuit
1337 2325 1386 2361 M.
1404 2325 1570 2361 Aufidius
1587 2326 1738 2371 Fronto,

206 2381 268 2427 qui
298 2383 396 2417 anno
431 2379 535 2416 urbis
560 2383 627 2416 952
664 2391 747 2416 cum
770 2379 930 2416 Anulino
967 2381 1178 2417 consulares
1212 2382 1330 2417 fasces
1366 2381 1497 2417 tenuit
1545 2382 1642 2418 Nam
1676 2382 1737 2418 hie

206 2448 353 2483 quoque
378 2435 494 2472 filium
517 2435 652 2480 amisit,
676 2436 852 2499 nepotem
875 2436 959 2472 ideo
983 2436 1119 2472 Aufidii
1143 2436 1335 2482 Victorini,
1358 2439 1605 2483 pronepotem
1624 2438 1736 2475 Fron-

205 2494 304 2529 tonis
340 2491 508 2529 oratoris.
563 2491 651 2527 Eius
686 2492 861 2527 nimirum
896 2494 1017 2529 exstat
1052 2492 1195 2530 Pisauri
1231 2493 1468 2540 sepulchrum
1499 2505 1582 2529 cum
1610 2494 1735 2530 inseri-

204 2551 349 2596 ptione:
399 2551 450 2584 M.
482 2551 655 2594 Aufidio.
679 2551 871 2585 Frontoni.
888 2553 1098 2594 pronepoti.
1118 2552 1168 2584 M.
1197 2552 1357 2586 Corneli.
1376 2552 1561 2597 Frontonis
1584 2578 1591 2585 .
1617 2559 1733 2587 orato-

205 2611 255 2642 ris
278 2635 285 2642 .
311 2609 456 2642 consulis
478 2633 487 2643 .
511 2608 668 2651 magistri
688 2633 697 2643 .
726 2608 966 2651 imperatorum
984 2634 991 2642 .
1011 2608 1098 2641 Luci
1114 2634 1121 2641 .
1141 2613 1176 2641 et
1200 2634 1207 2641 .
1234 2608 1402 2642 Antonini
1418 2631 1427 2641 .
1444 2610 1562 2652 nepoti
1584 2634 1590 2641 .
1617 2609 1737 2651 Aufidi

207 2691 214 2699 .
239 2665 410 2699 Victorini
433 2689 442 2697 .
463 2664 638 2707 praefecti
654 2690 661 2697 .
679 2663 756 2697 urbi
779 2689 787 2697 .
811 2664 862 2697 bis
885 2690 893 2697 .
919 2664 1068 2698 consulis
1096 2690 1104 2699 .
1133 2665 1264 2699 Fronto
1290 2690 1297 2699 .
1323 2666 1440 2699 consul
1462 2689 1470 2698 .
1489 2666 1561 2707 filio
1586 2692 1593 2698 .
1612 2666 1756 2708 dulcis·‚

203 2723 300 2756 simo.
324 2739 367 2745 -—
394 2722 517 2755 Maius.
564 2717 769 2755 Niebuhrio
793 2718 941 2754 videtur
963 2729 1074 2765 puer,
1104 2718 1150 2754 de
1175 2729 1248 2763 quo
1272 2730 1371 2755 nunc
1394 2729 1515 2755 sermo
1538 2719 1592 2763 fit,
1617 2693 1767 2756 diver-‘⁰

205 2787 265 2812 sus
290 2785 369 2812 esse
394 2776 442 2812 ab
466 2774 542 2819 illo,
566 2774 629 2820 qui
652 2774 823 2811 trimulus
848 2774 943 2811 obiit
959 2775 998 2811 et
1013 2776 1242 2812 memoratur
1264 2775 1303 2811 in
1325 2774 1393 2822 Ep.
1413 2775 1462 2812 ad
1477 2774 1616 2811 Verum
1638 2776 1731 2823 Imp.

206 2833 250 2869 ΙΙ.
278 2837 299 2868 9
325 2834 363 2868 et
389 2836 440 2868 10.

318 2893 339 2925 6
364 2888 503 2925 Codex:
529 2901 626 2935 quae.v
