1968 3158
595 174 651 211 VI.
702 174 851 212 INDEX
882 174 1335 213 OR'I‘HOGRAPIIICUS.

1646 176 1731 219 279

246 303 308 329 πω
331 292 420 326 2464
445 292 573 325 diserte
603 291 692 325 iubet
715 291 823 326 scribi
845 300 943 326 eom·
981 288 1126 325 Disdidi
1150 301 1186 336 p.
1214 293 1279 326 100
1302 301 1320 325 e
1344 291 1491 326 Catone:

246 346 334 390 fert,
371 346 574 390 eomvellit,
610 354 645 382 et
674 350 744 382 alia
772 349 945 387 eluentodi',
980 345 1011 382 Ε
1034 359 1100 391 pro
1127 357 1167 389 a,
1197 345 1444 392 aequiperare
1468 342 1504 392 p.
1530 349 1563 382 8.
1590 349 1644 381 31.
1670 349 1725 382 87.

246 415 312 440 non
327 416 393 448 per
409 412 488 439 eon.
523 405 654 440 Contra
671 414 739 439 con
761 416 828 449 pro
846 413 945 439 com:

248 470 454 507 conparare
478 471 514 506 p.
541 463 596 504 21,
621 459 815 506 conperire
838 471 874 506 p.
890 462 945 502 63,

245 516 466 564 conpertum
489 528 525 563 p.
545 520 602 560 62,
627 515 812 563 conplecti
834 528 870 562 p.
890 519 945 559 61,

244 572 460 619 conpositus
490 585 527 619 p.
555 576 610 609 63.
662 572 739 608 Con
772 577 896 609 retinet
921 584 945 608 n

1027 406 1109 446 2063
1134 402 1344 449 tripertitus
1368 414 1402 449 p.
1434 406 1508 438 140.
1552 404 1682 452 Contra
1706 414 1730 438 a

1025 472 1091 504 pro
1123 470 1158 494 e:
1202 460 1350 495 ostento
1388 471 1423 506 p.
1453 462 1536 502 164,
1572 462 1728 495 mendose

1026 529 1101 552 nam
1126 516 1271 551 ostento
1295 527 1331 562 p.
1359 519 1436 552 133.
1486 518 1540 559 Cl'.
1567 518 1726 554 Cor-nen.

1025 574 1175 619 Auupr.
1193 572 1209 607 I
1224 574 1268 618 ΞΡ.
1286 575 1364 615 317,
1398 574 1593 618 Nat-letra'ye
1617 583 1653 618 p.
1671 575 1726 606 61.

244 643 274 666 v.
294 643 349 676 9⁷·-
367 629 590 666 conlaudare
615 641 652 675 p.
671 632 726 673 63,
751 629 945 665 conlocare
979 628 1009 664 E
1023 642 1091 675 pro
1107 628 1131 672 i,
1155 628 1325 664 hez-sutus
1342 640 1378 674 p.
1397 632 1471 671 128,
1497 627 1726 664 delei-amen-

242 698 279 733 p.
299 689 353 722 62.
379 690 443 730 63,
474 686 730 722 conroborare
746 697 783 732 p.
809 688 839 722 7.
874 687 946 721 Sed

244 742 428 780 collocare
441 754 477 788 p.
490 746 554 778 162
572 749 606 778 et
619 741 827 782 cumfestim
840 753 877 788 p.
888 746 941 778 39.

200 799 328 836 Conm.
354 806 389 835 et
413 808 544 835 comm.
571 802 717 835 variant.

200 855 346 892 Cotidie
370 862 403 891 et
428 854 581 891 cottidie
609 858 754 891 variant.
803 857 946 900 Semper

244 920 366 954 tamen,
390 919 526 957 except.
551 923 587 957 p.
606 915 684 955 227,
709 921 752 947 co
774 925 842 957 pro
859 922 944 956 qu0,

243 971 345 1004 ettam
374 971 408 1003 in
438 971 594 1004 derivato
624 967 842 1004 cotidianus.
891 971 945 1003 De

244 1028 335 1061 voc-is
366 1022 502 1060 cotidie
537 1028 714 1070 ecriptura
747 1027 945 1060 contr-ariae

241 1083 432 1118 sententiae
467 1088 544 1117 eunt
581 1084 695 1127 Longi
728 1092 765 1127 p.
791 1083 880 1117 2237
912 1087 946 1116 et

243 1140 387 1174 Cornuti
408 1149 446 1184 p.
470 1141 572 1174 2283.
620 1140 708 1173 Item
732 1134 884 1182 quaestio
904 1141 946 1182 fit

243 1198 339 1239 apud
361 1194 560 1237 Quintium
575 1197 641 1237 §6-
678 1195 779 1230 Beda
802 1205 838 1239 p.
855 1190 946 1229 2344

244 1254 373 1288 diserte
408 1252 571 1295 praefert
611 1261 641 1285 c.
689 1252 742 1294 Cf.
786 1252 943 1286 Corssen.

243 1309 393 1353 Aueepr.
416 1306 434 1341 Ι
456 1318 494 1353 p.
519 1309 575 1342 69.

199 1363 362 1407 Genitor,
378 1362 537 1407 conisus,
562 1373 733 1418 conexuS,
758 1376 830 1398 cum
845 1366 946 1399 unica

175 1427 182 1435 ‘
241 1433 268 1457 n
290 1427 499 1459 constanter.
533 1413 588 1463 Cf.
608 1421 767 1455 Gor-esen.
795 1421 944 1464 Ausspr.

242 1478 259 1514 I
292 1490 330 1524 p.
355 1480 411 1513 84.
443 1480 499 1512 96.
554 1478 763 1511 Fleckeieen.
801 1478 947 1521 Fa'infziq

244 1536 383 1570 :tr-meet
404 1545 440 1579 p.
469 1535 522 1568 14.

199 1590 440 1627 contrectare
470 1596 504 1624 et
534 1588 768 1624 contractare
798 1591 946 1624 variant.

245 1650 299 1693 Cf.
326 1649 485 1682 Corssen.
515 1647 662 1691 Ausspr.
688 1645 704 1679 Ι
728 1656 764 1690 p.
792 1648 869 1681 320.

198 1705 254 1740 De
269 1713 337 1749 pro
354 1702 403 1746 di,
427 1717 456 1738 υ.
473 1716 527 1748 qr.
546 1700 714 1747 degredi,
739 1700 945 1746 devertere,

246 1759 478 1804 deminuere,
515 1757 721 1801 destillare,
753 1756 945 1804 destringi,

245 1817 430 1853 devolsus.
463 1818 551 1852 Item
567 1813 733 1860 deligere
756 1826 792 1859 p.
811 1816 856 1850 85
879 1827 945 1859 pro

245 1874 403 1920 diligere
429 1875 583 1917 (amare,
607 1874 655 1916 cf.
679 1883 716 1917 p.
735 1872 805 1915 26),
832 1869 945 1906 demi-

246 1931 338 1967 seris
360 1942 397 1976 p.
424 1933 490 1966 262
512 1942 581 1974 pro
606 1926 800 1965 dimiserim
845 1931 946 1963 ettam

245 1987 446 2024 dimisisse
469 1998 506 2032 p.
524 1990 603 2029 209,
627 1987 720 2030 quod
739 1990 946 2029 postremum

243 2047 355 2093 scribi,
372 2050 480 2086 vetat,
506 2049 644 2078 rectene
668 2054 713 2076 an
736 2053 854 2086 secus,
881 2043 944 2076 Ca-

243 2115 310 2148 per
332 2113 369 2147 p.
395 2102 496 2143 2242.
547 2100 676 2134 Contra
699 2096 855 2132 dilectus
877 2109 944 2142 pro

1025 686 1105 721 tum
1129 697 1164 731 p.
1184 689 1238 721 32.
1276 688 1327 721 De
1345 688 1441 721 lautus
1467 687 1620 721 vocabula·
1640 688 1727 719 scri-

1023 749 1128 788 ptura
1173 745 1327 788 quaestio
1367 748 1419 777 est
1457 745 1551 786 apud
1590 744 1727 780 Putselz.

1025 801 1178 844 Lonaum
1185 802 1274 835 2233
1287 805 1322 834 et
1331 801 1455 834 incerti
1469 801 1620 833 auctoris
1627 802 1726 834 2783.

1028 857 1212 901 Utramque
1233 857 1359 901 probat
1383 857 1498 899 Caper
1522 858 1621 890 2248.
1671 854 1727 890 In-

1025 910 1218 957 tellegere,
1234 910 1503 956 intellegentia,
1516 910 1727 956 neglegere,

1025 967 1276 1013 neglegentia,
1300 975 1508 1004 constanter.
1547 970 1649 1003 Adde
1674 966 1727 1002 in-

1026 1025 1209 1060 teremere
1222 1035 1257 1070 p.
1274 1028 1330 1068 61,
1354 1024 1590 1060 Mauretania
1602 1036 1638 1070 p.
1652 1027 1726 1066 169,

1024 1080 1216 1126 phrenetis
1240 1089 1273 1116 et
1296 1080 1479 1126 phrenitis
1503 1092 1540 1126 p.
1561 1084 1636 1116 124.
1671 1082 1726 1124 Cf.

1028 1139 1185 1172 Gor-scen.
1225 1140 1373 1182 Ausspr.
1401 1137 1418 1172 I
1456 1148 1491 1182 p.
1527 1141 1611 1180 278,
1650 1140 1727 1178 321,

1026 1195 1168 1229 Nachtr.
1191 1184 1234 1238 p.
1255 1198 1310 1228 30.

980 1247 1024 1283 Ei
1051 1261 1118 1293 pro
1149 1248 1162 1283 i
1192 1251 1400 1284 archaismus
1434 1252 1727 1294 frequentissimus

1026 1318 1048 1340 a
1068 1309 1182 1350 prima
1205 1319 1320 1347 mame,
1354 1318 1449 1351 quem
1471 1308 1623 1341 secunda
1642 1318 1724 1350 pas-

1025 1365 1086 1397 sim
1101 1366 1267 1398 convertit
1283 1365 1318 1397 in
1333 1361 1357 1402 i,
1381 1365 1483 1397 cicuta·
1496 1375 1604 1406 supra
1620 1374 1726 1406 saepe

1026 1422 1255 1465 indt'cavimus,
1267 1422 1332 1454 sed
1344 1431 1411 1454 non
1419 1425 1600 1463 perpetuo.
1626 1420 1727 1452 Hune

1027 1477 1246 1510 archatsmum
1274 1478 1443 1519 placuisse
1473 1477 1626 1519 inprimis
1654 1477 1727 1509 Lu-

1026 1534 1103 1567 citio
1133 1535 1256 1566 docent
1285 1534 1425 1576 Longus
1449 1535 1538 1566 2220
1560 1537 1594 1565 et
1618 1532 1727 1565 Scau·

1027 1600 1087 1623 rus
1110 1591 1217 1624 2255:
1242 1591 1451 1632 eundemque
1472 1590 1598 1623 diutius
1621 1590 1725 1622 dura—

1027 1647 1113 1680 visse
1136 1648 1185 1679 ait
1211 1645 1435 1686 Quintilianus
1458 1643 1512 1679 Ι7
1537 1647 1557 1686 5
1576 1647 1628 1678 16.
1674 1645 1726 1686 Cf.

1028 1702 1230 1736 Buecloeter.
1262 1704 1305 1736 de
1330 1703 1410 1736 Lat.
1444 1703 1574 1738 Declin.
1607 1711 1642 1745 p.
1669 1703 1724 1734 66.

1028 1760 1185 1793 Comen.
1211 1759 1432 1802 Ausspraclze
1457 1757 1473 1791 I
1497 1769 1534 1802 p.
1560 1760 1637 1792 229.

981 1813 1054 1849 Ens
1075 1827 1144 1859 pro
1162 1825 1213 1857 ee,
1238 1813 1386 1849 deciens
1408 1825 1444 1859 p.
1468 1817 1542 1858 183,
1567 1812 1725 1849 milliens

1026 1882 1062 1916 p.
1091 1873 1172 1914 167,
1202 1870 1375 1915 quotiens
1405 1882 1441 1915 p.
1470 1873 1551 1913 136,
1589 1869 1726 1906 totiens

1024 1938 1061 1973 p.
1083 1929 1157 1963 142.
1191 1928 1264 1963 Sed
1286 1926 1482 1971 quinquies
1506 1938 1542 1972 p.
1559 1930 1634 1962 139.
1664 1930 1726 1962 Ca-

1022 1996 1090 2028 per
1122 1986 1211 2019 2241
1245 1987 1368 2019 mavult
1402 1987 1502 2019 etiam
1537 1982 1660 2018 decies
1693 1991 1727 2018 et

1025 2039 1166 2076 millies.
1230 2043 1282 2084 Cf.
1325 2042 1481 2076 Comen.
1523 2042 1670 2084 Ausspr.
1710 2040 1726 2074 Ι

1025 2109 1061 2142 p.
1086 2096 1173 2141 3012.
1200 2101 1254 2133 98.
1431 2094 1433 2096 ’

245 2158 411 2194 delectus
432 2167 469 2202 p.
498 2158 574 2198 143,
602 2157 678 2198 199,
701 2157 784 2197 2063
811 2152 944 2188 dilibu-
981 2153 1087 2189 Exim
1114 2167 1183 2199 pro
1207 2153 1292 2189 exin
1320 2165 1356 2199 p.
1383 2157 1439 2189 31.
1487 2155 1541 2196 Cf.
1568 2155 1725 2189 Corssen.

245 2216 306 2251 tus
327 2226 366 2260 p.
385 2216 460 2256 122,
486 2213 577 2257 quod
597 2217 802 2256 postremum
824 2215 947 2246 mavult

248 2274 362 2317 Caper
383 2281 421 2316 p.
446 2270 547 2304 2246.

1027 2213 1175 2256 Ausspr.
1200 2210 1218 2246 Ι
1240 2221 1278 2256 p.
1303 2213 1358 2246 67.

981 2266 1117 2302 Exstiti
1141 2274 1175 2302 et
1198 2265 1306 2302 extiti
1329 2270 1475 2302 variant.

201 2326 376 2373 Del'etigo
399 2337 436 2371 p.
454 2328 510 2360 69.
545 2326 598 2368 Cf.
617 2325 775 2361 Comen.
795 2325 944 2368 Ausspr.
981 2323 1163 2360 Exsuviae
1187 2335 1223 2369 p.
1251 2327 1327 2358 210.

246 2396 283 2430 p.
299 2386 394 2419 317.
408 2382 618 2417 Flecketeen.
641 2382 788 2425 Fitnsziy
809 2382 948 2416 ΑνιίΙςεί
980 2379 1010 2415 F
1026 2387 1060 2416 et
1076 2380 1157 2426 ph
1144 2385 1179 2416 zn'
1205 2382 1346 2415 Graects
1371 2380 1554 2414 nominibus
1578 2381 1724 2414 variant.

246 2441 324 2486 Ip.
341 2442 393 2474 16.
1027 2439 1081 2480 Gl'.
1108 2439 1266 2474 Corssen
1293 2438 1436 2479 Ausspr.
1463 2434 1540 2479 Ip.
1566 2438 1620 2469 68.

200 2495 367 2533 Defrudo
384 2506 421 2541 p.
438 2498 514 2530 102.
548 2495 602 2536 Cf.
622 2494 777 2528 Comen.
799 2494 946 2537 Auscpr.
981 2492 1161 2538 Fraglare
1198 2504 1235 2537 p.
1263 2495 1294 2527 5
1327 2494 1381 2526 27.
1422 2494 1482 2533 34,
1519 2490 1727 2535 fraglanter

246 2554 263 2589 1
286 2565 324 2599 p.
352 2555 428 2588 170.
1026 2560 1062 2594 p.
1089 2551 1144 2583 60.
1179 2550 1274 2583 Alibi
1294 2554 1405 2582 tamen
1429 2546 1590 2591 flagrare
1614 2558 1649 2591 p.
1669 2549 1723 2581 97.

201 2609 408 2647 Defefiscor
431 2618 468 2653 p.
489 2610 566 2642 220.
602 2608 657 2650 Cf.
685 2607 832 2641 θον-88811
855 2607 947 2640 Auc-
1028 2607 1081 2640 79.
1131 2606 1225 2639 Nilei!
1263 2616 1372 2648 porro
1407 2610 1459 2637 est
1497 2605 1592 2637 aliud
1629 2615 1727 2647 quam

246 2679 320 2712 apr.
345 2666 363 2700 I
386 2676 423 2710 p.
441 2667 520 2700 317.
1027 2663 1281 2702 transmutatio,
1318 2663 1361 2694 de
1400 2671 1467 2704 qua
1498 2660 1632 2700 Quintil.
1665 2658 1681 2692 1
1706 2661 1727 2693 5

204 2721 503 2759 Delenimentum
527 2731 563 2765 p.
590 2722 644 2754 97.
1028 2720 1048 2760 5
1075 2720 1127 2752 16.
1162 2719 1217 2760 Cf.
1246 2719 1328 2751 Luc.
1354 2717 1513 2750 Mueller.
1538 2717 1572 2749 in
1597 2716 1725 2749 Annal.

204 2779 507 2815 Deleramentum
528 2787 565 2822 p.
591 2779 646 2811 32.
1029 2775 1242 2809 Fleckeium'
1262 2770 1381 2808 XCIII
1403 2783 1440 2817 p.
1467 2773 1543 2806 386.

204 2836 251 2873 Di
275 2843 308 2872 et
332 2834 384 2871 dii
408 2841 442 2870 et
458 2832 519 2869 dei
535 2835 681 2868 variant.
715 2833 768 2874 Cf.
786 2833 948 2867 Coresen.
983 2830 1017 2866 H
1034 2833 1184 2873 additur,
1209 2829 1351 2865 harena
1365 2840 1402 2875 p.
1424 2831 1476 2871 16,
1493 2826 1600 2862 holus
1615 2837 1652 2871 p.
1674 2829 1726 2868 18,

251 2895 397 2939 Ausepr.
422 2892 439 2928 I
461 2904 498 2939 p.
524 2894 602 2928 301.
1029 2885 1262 2923 holusculum
1284 2897 1322 2931 p.
1339 2888 1418 2929 226,
1441 2882 1504 2920 1111.
1537 2881 1725 2918 Harenam
