1968 3158
0 2010 7 2022 η
0 1418 18 2002 -τνντᾞᾞπ-ἱννπν-ητῑντὴΜΨν-τκγ
0 1385 11 1410 ’τ’
0 1266 14 1377 equ-‚ww-
0 1238 8 1258 υ*
0 1217 4 1222 v
0 1178 8 1201 -s-
0 1141 5 1167 =—
0 1116 5 1118 ‹
5 1072 8 1073 ,
0 1042 6 1055 v
0 1015 9 1031 -π

0 2277 27 3133 τῆτπψπι-ων-π-πψ-ψψν-
0 2076 5 2131 —wv
0 2043 9 2059 ‚-

788 143 977 180 PROLEG
984 142 1164 179 OMENA.
1637 154 1756 185 XXXI

324 259 504 304 Praeter
533 260 803 317 fragmenta,
845 275 955 316 quae
994 260 1048 302 ad
1079 259 1240 301 calcem
1270 258 1410 315 operis
1442 258 1754 314 exhibebimus,

211 332 313 373 ante
358 332 577 387 repertum
617 330 806 373 codicem
845 329 1184 371 Ambrosianum
1233 328 1316 371 duo
1362 327 1463 370 libri
1510 327 1758 384 argumenti

211 400 486 457 grammatici
523 399 735 442 Frontoni
771 395 1090 440 tribuebantur,
1150 396 1319 440 Horum
1359 397 1469 439 alter
1505 397 1554 439 in
1583 397 1757 453 quibus-

210 469 310 512 dam
341 468 557 511 codicibus
587 467 841 511 inscribitur
871 469 928 509 M.
962 470 1185 508 Frontonis
1224 469 1429 519 Exempla
1460 469 1755 520 Elocucionum,

210 537 258 580 in
290 537 386 580 aliis
416 552 518 580 vero
539 540 738 580 Arusiani
766 535 861 592 (seu
889 534 1121 588 Volusiani)
1154 537 1280 577 Messi
1311 537 1540 588 Quadriga.
1592 534 1758 577 Auctor

212 606 428 662 excerpsit
458 621 510 648 ex
540 606 745 661 quattuor
775 602 1058 658 scriptoribus
1089 602 1314 658 Terentio,
1357 602 1584 658 Cicerone,
1620 602 1757 646 Sallu-

212 675 296 717 stio
333 677 379 717 et
407 673 614 730 Virgilio,
655 687 763 729 quae
801 674 957 714 notatu
988 672 1146 728 dignae
1187 671 1438 714 viderentur
1477 672 1754 727 elocutiones,

211 744 275 786 ita
303 746 353 787 ut
381 743 497 799 ipsas
527 742 772 784 litterarum
810 741 959 783 ordine
989 740 1205 783 lemmatis
1235 740 1329 782 loco
1360 743 1562 796 poneret,
1603 740 1757 783 deinde

211 813 342 855 verba
373 812 656 867 subiungeret
687 809 924 866 scriptoris,
959 809 1074 865 apud
1094 824 1222 865 quem
1250 809 1501 851 invenisset.
1542 809 1637 851 Iam
1656 810 1757 851 vero

210 907 268 914 —-
298 896 452 938 sequor
481 879 711 923 Niebuhrii
740 878 949 921 iudicium
978 904 1036 910 —-
1065 879 1296 933 postquam
1325 878 1559 919 Frontonis
1590 878 1641 920 de
1672 877 1756 919 Ro-

211 950 330 992 mani
361 949 571 992 sermonis
602 948 849 991 auctoribus
879 947 1087 995 iudicium
1116 947 1330 1002 innotuit,
1374 947 1446 1002 qui
1486 947 1536 988 de
1568 946 1756 1002 Virgilio

213 1021 256 1061 et
286 1018 490 1061 Terentio
520 1019 686 1073 taceat,
729 1016 982 1060 Ciceronem
1012 1015 1329 1071 antiquioribus
1369 1017 1485 1057 certe
1515 1030 1604 1057 non
1635 1030 1756 1070 prae-

211 1088 339 1144 ferat,
371 1087 467 1143 quis
497 1087 621 1129 illum
652 1086 812 1141 credat,
845 1086 882 1127 si
912 1085 1039 1127 huius
1070 1085 1243 1140 generis
1275 1084 1383 1126 libro
1413 1085 1756 1126 consarcinando

213 1171 388 1212 operam
419 1156 617 1211 dicasset,
648 1169 739 1197 non
767 1153 976 1197 Catonem
1005 1153 1171 1209 potius.
1179 1153 1303 1195 illum
1334 1168 1459 1196 suum
1479 1153 1756 1209 Enniumque

214 1241 311 1268 cum
342 1225 389 1268 C.
423 1224 575 1280 Cripso
614 1223 907 1283 adhibiturum
945 1222 1113 1265 fuisse?
1171 1222 1324 1277 Itaque
1362 1237 1451 1264 non
1487 1222 1572 1264 fuit
1602 1237 1757 1278 operae

212 1294 400 1350 pretium
436 1296 528 1336 tam
565 1280 742 1335 tenuem
785 1279 972 1347 opellam
1016 1291 1220 1347 recipere.
1283 1291 1409 1333 Alter
1446 1290 1557 1333 liber
1598 1293 1664 1333 est
1708 1295 1758 1332 de

212 1367 456 1417 differentiis
508 1366 808 1405 vocabulorum
885 1360 1175 1403 Consentiunt
1219 1360 1522 1402 Berolinenses
1574 1360 1757 1402 editores

211 1431 371 1474 librum
400 1430 530 1474 vilem
560 1445 652 1473 esse
684 1431 727 1472 et
756 1443 974 1485 nugarum
1002 1429 1202 1485 plenum,
1245 1429 1319 1471 sed
1358 1431 1585 1484 perspecto
1623 1428 1756 1470 Fron-

212 1501 328 1542 tonis
358 1501 551 1556 ingenio,
584 1500 751 1555 negant
780 1498 906 1540 nobis
935 1498 1066 1540 licere
1097 1498 1136 1539 ei
1168 1498 1415 1539 abiudicare
1446 1497 1559 1553 quod
1588 1497 1757 1538 minimi

214 1570 272 1611 sit
307 1568 449 1624 pretii.
510 1567 651 1617 Quum
687 1569 835 1609 tamen
872 1566 1105 1608 Frontonis
1151 1567 1361 1608 editiones
1410 1566 1588 1607 minime
1633 1580 1757 1607 rarae

213 1639 315 1692 sint,
342 1637 545 1692 equidem
574 1651 664 1678 non
694 1649 869 1699 necesse
900 1635 1033 1677 habui
1063 1637 1258 1690 repetere
1288 1635 1400 1690 quod
1428 1634 1501 1676 vix
1531 1634 1758 1690 quisquam

212 1706 343 1762 leget.

327 1773 456 1816 Nunc
477 1773 707 1815 dicendum
728 1774 794 1815 est
814 1773 866 1814 de
887 1772 1120 1814 Frontonis
1143 1771 1345 1828 operibus
1376 1786 1486 1827 quae
1515 1771 1756 1827 perierunt.

214 1844 281 1886 Ac
311 1843 499 1899 primum
529 1843 735 1884 maiorem
763 1843 934 1898 partem
964 1841 1235 1883 intercidisse
1267 1843 1448 1896 apparet
1478 1840 1758 1896 epistolarum

215 1913 269 1954 ad
306 1912 366 1954 M.
399 1911 674 1953 Antoninum
708 1909 819 1966 Imp.
880 1910 1075 1952 Primum
1113 1911 1180 1952 est
1217 1908 1404 1952 Charisii
1442 1909 1755 1964 testimonium,

214 1981 287 2037 qui
317 1982 516 2036 quintum
545 1979 704 2021 librum
733 1979 947 2034 laudavit3
978 1980 1243 2035 fragmenta,
1276 1993 1385 2034 quae
1418 1978 1533 2033 apud
1563 1993 1661 2020 eum
1691 1992 1758 2019 su-

214 2051 415 2106 persunt,
458 2048 668 2091 collocata
697 2047 877 2090 fuerunt
907 2048 954 2090 in
983 2048 1125 2089 medio
1157 2048 1314 2090 codice.
1377 2046 1556 2088 Illorum
1586 2049 1757 2103 quater-

214 2119 393 2160 nionum
424 2119 582 2172 autem,
615 2116 728 2173 quod
759 2131 889 2172 supra
920 2116 1022 2172 dixi,
1054 2131 1218 2172 paucae
1248 2117 1422 2157 tantum
1450 2116 1640 2171 paginae
1672 2130 1758 2157 ser-

214 2189 339 2230 vatae
377 2188 498 2241 sunt3
545 2188 727 2239 ceterae,
749 2185 934 2227 fortasse
973 2185 1204 2240 aliquando
1239 2185 1365 2226 nobis
1396 2184 1630 2226 reddentur
1662 2199 1759 2226 cum

214 2244 343 2297 tertio
373 2254 556 2297 Concilii
577 2254 808 2309 volumine,
841 2254 955 2309 quod
973 2254 1065 2295 fere
1086 2255 1227 2295 totum
1249 2253 1468 2295 constabit
1487 2253 1603 2295 foliis
1625 2252 1758 2294 Fron-

136 2322 140 2327 ’
214 2324 432 2379 tonianis,
471 2339 575 2365 nam
613 2337 845 2379 progressu
882 2323 1022 2378 operis
1061 2337 1231 2378 semper
1267 2322 1390 2364 illine
1428 2322 1554 2377 plura
1592 2322 1758 2363 desum-

218 2394 294 2447 pta
323 2394 438 2434 sunt.

331 2460 579 2516 Sequuntur
616 2461 833 2502 orationes
871 2474 1054 2516 quarum
1091 2459 1298 2502 memoria
1328 2458 1563 2501 instaurari
1594 2458 1757 2514 potuit:

334 2530 370 2569 1.
433 2527 662 2570 Orationes
692 2529 982 2584 panegyricae
1015 2529 1255 2584 complures
1278 2528 1332 2570 ad
1352 2527 1624 2579 Hadrianum
1646 2527 1755 2582 Imp.

219 2597 284 2639 Of.
319 2597 371 2638 ad
402 2595 462 2638 M.
496 2595 616 2638 Caes.
646 2595 704 2651 II,
741 2597 778 2638 1.

331 2665 372 2706 2.
433 2664 663 2707 Orationes
694 2664 800 2706 item
830 2666 1120 2721 panegyricae
1151 2664 1391 2720 complures
1423 2663 1476 2706 ad
1506 2663 1645 2707 Pium.
1689 2665 1755 2708 Cf.

219 2733 272 2775 ad
303 2733 468 2775 Anton.
502 2732 627 2789 Pium
658 2733 697 2774 2.
757 2733 811 2775 In
842 2732 908 2774 his
940 2748 990 2775 ea
1019 2733 1126 2787 fuit,
1166 2748 1251 2788 qua
1280 2733 1506 2775 victoriam
1536 2732 1758 2776 Britanni—

220 2817 314 2843 cam
344 2801 588 2857 gratulatus
619 2804 686 2843 est
714 2801 896 2856 Fronto,
935 2803 1046 2843 teste
1077 2801 1310 2855 Eumenio,
1350 2801 1480 2843 tertio
1510 2804 1560 2843 ut
1588 2802 1758 2844 videtur

219 2869 286 2911 Pii
316 2870 571 2925 imperantis
603 2885 737 2925 anno,
774 2872 867 2911 tum
904 2869 1000 2925 illa,
1041 2884 1170 2924 quam
1207 2869 1317 2911 dixit
1348 2869 1497 2912 consul
1536 2872 1657 2912 sexto
1688 2871 1755 2912 Pii
