1968 3158
277 173 357 215 130
555 172 603 207 M.
631 170 858 206 CORNELII
881 170 1158 206 FRONTONIS
1182 171 1524 208 EPISTULARUM

273 282 473 327 Fidstciae
504 285 659 331 amoris
689 285 924 340 ignoscito¹
938 318 949 339 ,
983 285 1018 326 si
1056 285 1198 340 pi‘guit
1229 286 1406 328 consilia
1435 301 1502 328 me
1532 287 1800 343 singularum

272 369 413 395 rerum
443 353 627 395 forsitan
657 352 703 394 in
725 352 814 394 dies
835 353 1042 394 mutanda
1063 353 1141 394 sub
1161 353 1326 394 incerto
1357 353 1495 395 adhuc
1525 355 1641 396 exitu
1670 353 1799 397 dubia

273 421 587 463 existimatione
631 420 909 474 perscribere.
972 419 1155 462 Causam
1192 435 1349 475 quaeso
1387 422 1475 462 tam
1519 422 1656 464 iustae
1699 437 1800 464 cun-

274 489 473 531 ctationis
505 488 704 543 accipias.
749 487 834 530 Cur
860 488 995 543 igitur
1023 488 1116 530 aliis
1147 503 1275 543 quam
1302 488 1383 530 tibi
1404 489 1603 543 saepius?
1631 491 1681 530 ut
1708 489 1802 531 bre-

272 558 381 599 viter
413 556 650 598 absolvam:
681 557 883 611 quoniam
913 556 1096 611 quidem,
1129 556 1213 597 nisi
1244 557 1305 597 ita
1325 556 1526 611 facerem,
1557 556 1621 598 illi
1647 557 1802 599 irasce-

271 627 434 679 rentur,
466 624 542 665 tu2
562 624 826 679 ignosceres3
857 623 920 665 illi
940 625 1149 678 tacerent,
1172 626 1220 665 tu
1240 623 1479 679 flagitares:
1506 623 1592 666 illis
1613 623 1801 666 officium

271 692 412 734 officio
450 692 754 747 repensabam,
801 692 882 734 tibi
921 706 1108 734 amorem
1146 706 1223 746 pro
1262 705 1404 733 amore
1442 692 1660 734 debeam3.
1728 692 1801 734 An

270 760 398 802 velles
431 760 483 801 ad
513 761 556 801 te
587 775 752 815 quoque
782 775 849 802 me
880 759 1046 801 litteras
1067 759 1264 814 invitum,
1297 761 1560 814 querentem,
1592 759 1801 802 festinan-

270 830 380 882 tem,
419 828 519 882 quia
558 842 732 870 necesse
771 829 864 869 erat
899 827 1041 882 potius
1079 842 1207 882 quam
1244 828 1344 882 quia
1373 827 1557 882 libebat,
1599 827 1800 870 darem4‘?

271 895 356 938 Cur
386 897 542 949 autem,
574 896 756 950 inquies,
789 909 878 937 non
907 894 1102 936 libebat?
1141 893 1251 943 Quia
1273 909 1411 950 neque
1442 895 1542 936 dum
1573 895 1801 950 quicquam

271 963 475 1005 eiusmodi
516 963 713 1004 effectum
751 965 866 1018 erat,
913 964 961 1004 ut
997 964 1040 1004 te
1078 962 1246 1003 luberet
1283 962 1336 1003 ad
1374 962 1522 1018 gaudii
1553 963 1801 1004 societatem

270 1046 435 1073 vocare.
498 1030 706 1073 Curarum
736 1045 857 1085 vero,
899 1045 1007 1086 quae
1037 1044 1104 1071 me
1136 1029 1224 1071 dies
1254 1031 1486 1085 noctesque
1517 1030 1801 1071 miserrimum

269 1099 471 1153 habuere,
505 1101 549 1140 et
567 1113 699 1154 prope
722 1099 800 1140 ad⁵
822 1098 1164 1153 desperationem
1184 1112 1373 1139 summae
1394 1098 1457 1139 rei
1477 1097 1562 1152 per}
1576 1098 1758 1139 6duxere
1768 1098 1798 1151 ⁷,

269 1167 412 1209 facere
443 1166 699 1222 participem
729 1166 947 1208 hominem
980 1166 1258 1220 carissimum,
1292 1167 1335 1207 et
1365 1179 1490 1220 quem
1521 1179 1688 1220 semper
1715 1165 1801 1216 lae-

269 1237 361 1276 tum
393 1249 483 1276 esse
515 1249 726 1289 cuperem,
758 1234 897 1276 fateor
927 1249 1015 1275 non
1045 1233 1234 1274 lubebat.
1284 1232 1376 1274 Nec
1407 1233 1521 1274 enim
1550 1233 1656 1274 illud
1685 1233 1801 1274 lube-

269 1303 345 1344 bat
384 1302 495 1343 aliud
536 1302 724 1356 doleress,
765 1302 879 1343 aliud
917 1301 1046 1356 loqui.
1109 1300 1319 1343 Simulare
1358 1300 1536 1342 Lucium
1573 1301 1801 1355 quicquam

271 1371 472 1412 adversus
509 1369 792 1424 Frontonem,
842 1384 866 1410 a
904 1383 985 1424 quo
1024 1382 1105 1423 ego
1141 1369 1260 1423 prius
1297 1368 1432 1409 multo
1481 1367 1796 1422 simplicitatem

269 1439 525 1492 verumque9
563 1451 750 1479 amorem
796 1452 924 1492 quam
967 1436 1168 1491 loquendi
1212 1435 1345 1491 polite
1384 1435 1655 1491 disciplinam
1694 1436 1800 1477 didi-

271 1506 378 1547 cisse
408 1520 475 1547 me
513 1505 733 1560 praedico!
794 1504 1006 1559 Equidem
1036 1506 1162 1558 pacto
1192 1499 1378 1558 quo‘que,
1421 1503 1533 1558 quod
1571 1503 1686 1544 inter
1723 1517 1801 1545 nos

269 1573 523 1628 iampridem
552 1572 810 1626 intercessit,
844 1572 948 1613 satis
978 1586 1046 1613 me
1067 1571 1120 1612 ad
1141 1571 1312 1612 veniam
1331 1570 1647 1626 impetrandam
1677 1585 1800 1625 para-

268 1641 404 1682 tum¹⁰
428 1655 518 1683 esse
539 1641 737 1682 arbitror.
781 1640 1032 1695 Denique¹¹,
1066 1653 1322 1694 quamquam
1352 1638 1459 1679 mihi
1487 1638 1710 1680 lacessitus
1732 1639 1802 1681 a¹²

268 1723 335 1750 me
366 1709 535 1763 saepius
565 1723 800 1763 numquam
829 1710 975 1749 tamen
1011 1707 1323 1762 rescripsisses,
1365 1706 1561 1748 dolebam
1590 1706 1798 1761 hercules,

269 1777 342 1818 sed
363 1776 524 1831 pacti¹3
553 1777 757 1818 memoria
787 1790 876 1818 non
907 1775 1221 1817 suscensebam.
1264 1773 1484 1816 Postremo
1515 1773 1616 1829 quid
1645 1773 1801 1828 plura?

268 1859 322 1886 ne
360 1844 501 1899 potius
533 1844 760 1885 defendere
797 1858 865 1886 me
896 1858 1025 1898 quam
1063 1857 1184 1884 orare
1223 1844 1266 1884 te
1295 1842 1462 1884 videar:
1502 1841 1697 1896 peccavi,
1737 1841 1800 1882 fa-

267 1915 381 1966 teor3
414 1912 614 1953 adversus
646 1926 772 1966 quem
802 1912 978 1953 minime
1009 1911 1171 1953 decuit:
1204 1910 1334 1952 etiam
1354 1910 1397 1952 id
1426 1910 1578 1952 fateor.
1640 1908 1722 1951 Sed
1752 1911 1800 1950 tu

268 1980 417 2021 melior
447 1982 550 2021 esto.
614 1978 726 2021 Satis
757 1993 994 2034 poenarum
1023 1979 1106 2034 lui,
1147 1979 1333 2034 primum
1371 1978 1417 2019 in
1455 1992 1504 2019 eo
1534 1976 1800 2037 ipso,qquod

385 2199 400 2229 1
430 2193 517 2229 Cod.
543 2205 600 2238 pr.
627 2205 675 2228 m.
701 2197 881 2238 iynosyt'to.

383 2255 402 2285 2
430 2250 517 2285 Cod.
540 2262 595 2295 pr.
620 2262 668 2285 m.
694 2258 739 2285 ut.

383 2312 403 2341 3
429 2309 596 2342 Debebam
620 2305 897 2342 rescribendum
922 2307 987 2341 aut
1011 2308 1129 2341 debeo.
1178 2308 1411 2349 Heindorfi'us.
1461 2304 1555 2339 Illud
1580 2303 1727 2339 rectius.

381 2368 404 2398 4
428 2363 486 2398 Ita
511 2362 645 2399 Codex.

382 2424 403 2455 5
428 2419 508 2454 Om.
534 2419 663 2455 Maius.

382 2480 402 2510 6
426 2475 563 2521 Incipit
588 2475 676 2511 Cod.
701 2487 739 2521 p.
763 2480 841 2511 421.

382 2537 401 2568 7
425 2532 545 2567 Maius
570 2533 713 2568 confert
738 2531 856 2578 Capit.
881 2532 919 2567 in
943 2532 1041 2567 Vero
1068 2544 1096 2567 c.
1121 2536 1151 2567 6.

382 2593 403 2624 8
430 2588 517 2624 Ood.
543 2601 599 2634 pr.
626 2601 674 2624 m.
702 2593 830 2625 dolore.

382 2650 402 2681 9
426 2646 465 2680 L.
492 2649 640 2691 verique.
691 2649 924 2691 Heindorfius.

362 2706 402 2736 10
428 2701 516 2737 Cod.
544 2714 599 2747 pr.
624 2714 672 2737 m.
696 2710 866 2747 paratam.

360 2763 399 2792 11
425 2758 529 2793 Idem
551 2759 588 2793 h.
613 2759 637 2793 l.
668 2759 767 2803 quod
790 2764 918 2800 saltem,
944 2767 1048 2795 certe.
1086 2762 1320 2803 Heindorfius.

362 2819 402 2848 12
422 2814 522 2849 Add.
550 2826 621 2853 sec.
648 2827 696 2851 m.

362 2874 402 2905 13
427 2869 567 2905 Codex:
596 2874 696 2915 faeti.
