1968 3158
233 139 311 181 136
511 137 559 172 M.
580 118 807 174 coaNELn
829 135 1107 172 monronis
1131 136 1475 178 EPISTULARUM

342 252 531 302 Quaeras
561 252 746 294 fortasse
775 252 878 307 quid
907 266 985 307 pro
1016 266 1069 294 eo
1103 284 1554 296 ...........

233 353 1758 365 οοοοοοοοοοοοοοοοοοοοοοοοοοοοοοοοοοο

528 455 669 499 VIII.
709 455 833 499 vero
865 454 1083 510 Augusto
1112 440 1315 500 nomino
1345 457 1462 501 Meo.

344 604 351 611 .
388 603 396 611 .
433 603 440 610 .
477 602 485 611 .
522 570 549 626 Ι1
585 569 846 611 desideretur
875 570 912 611 is
942 569 1092 625 honor,
1125 584 1207 626 quo
1238 570 1400 625 pariter
1429 573 1608 627 quisque
1638 568 1762 628 cxpe-

227 638 302 692 tit,
336 637 476 692 siquid
505 637 679 679 honoris
711 637 806 679 aliis
836 637 1099 692 impertitum
1135 638 1288 680 videat.
1349 638 1549 681 Probasti
1577 654 1645 682 me
1674 640 1763 682 lau-

228 706 423 761 dastique
456 705 694 760 consilium,
726 720 864 760 neque
895 707 1042 748 tamen
1071 706 1213 748 triduo
1235 707 1418 762 amplius
1438 707 1506 750 vel
1537 708 1763 763 quatriduo

227 774 270 815 id
301 789 326 815 a
352 775 395 815 te
427 774 621 828 optinere
651 773 843 828 potuisti,
876 775 924 815 ut
953 773 1059 816 mihi
1089 774 1219 816 verbo
1249 775 1430 817 salutem
1460 776 1739 831 responderes
1751 792 1782 832 3x

229 842 302 883 sed
331 842 394 883 ita
426 842 701 897 excogitasti:
732 841 918 896 primum
947 856 1014 883 me
1045 842 1275 884 intromitti
1305 843 1352 885 in
1384 830 1626 886 cubiculum
1645 844 1763 886 iube-

227 910 325 951 bas:
376 909 438 950 ita
482 909 574 951 sine
613 909 861 964 cuiusquam
907 909 1070 951 invidia
1108 910 1298 952 osculum
1336 911 1490 966 dabas,
1539 912 1663 954 credo
1701 912 1763 954 ita

228 977 382 1032 quom2
403 977 641 1020 animo.tuo
671 979 899 1032 reputans:
930 977 1050 1032 mihi,
1085 978 1152 1019 cui
1184 993 1329 1019 curam
1361 979 1604 1035 cultumque
1634 981 1763 1022 tradi-

228 1046 360 1087 disses
393 1045 477 1087 oris
508 1047 634 1101 atque
665 1045 871 1087 orationis
892 1047 1005 1100 tuae,
1037 1046 1104 1087 ius
1125 1046 1317 1101 quoque3
1339 1047 1473 1088 osculi
1500 1047 1760 1103 habendum,

228 1114 450 1169 omnisque
495 1113 764 1169 eloquentiae
808 1113 1038 1169 magistros
1084 1114 1149 1155 sui
1192 1113 1315 1169 lege4
1358 1114 1548 1157 fructum
1595 1114 1764 1173 cap[ere
1839 1108 1842 1109 ⁷

229 1175 396 1239 saltem]
447 1182 493 1223 in
530 1182 646 1224 vocis
686 1182 803 1223 aditu
841 1181 1070 1224 locatum-³.
1132 1182 1296 1223 Morem
1342 1182 1524 1238 denique
1569 1183 1764 1226 saviandi

230 1249 417 1291 arbitror
447 1249 601 1291 honori
632 1249 901 1304 eloquentiae
932 1249 1091 1291 datum.
1152 1248 1267 1291 Nam
1299 1264 1373 1291 cur
1404 1264 1450 1292 os
1481 1250 1623 1305 potius
1654 1252 1764 1293 salu-

228 1319 372 1359 tantes
403 1317 466 1359 ori
497 1318 769 1360 admovemus
791 1332 918 1372 quam
949 1317 1093 1359 oculos
1124 1317 1279 1372 oculis,
1313 1320 1388 1359 aut
1416 1318 1582 1360 frontes
1611 1319 1764 1361 fronti-

229 1386 322 1440 bus,
357 1387 430 1427 aut
461 1386 612 1441 quibus
642 1385 874 1441 plurimum
893 1384 1096 1440 valemus,
1128 1400 1280 1427 manus
1301 1386 1513 1441 manibus,
1546 1387 1627 1428 nisi
1653 1388 1764 1442 quod

229 1454 434 1495 honorem
474 1454 659 1495 orationi
696 1444 1002 1509 impertimus?
1054 1453 1176 1495 Muta
1214 1454 1395 1509 denique
1434 1454 1637 1496 animalia
1662 1470 1764 1508 ,ora-

230 1522 347 1563 tione
379 1522 570 1563 carentia
601 1522 731 1563 etiam
760 1521 915 1563 osculis
948 1523 1110 1563 carent.
1151 1521 1281 1563 Hunc
1312 1536 1392 1577 ego
1422 1521 1627 1564 honorem
1657 1523 1765 1565 mihi

232 1605 256 1631 a
286 1591 329 1632 te
359 1589 556 1631 habitum
589 1588 758 1647 [pendo]
773 1589 789 1614 ⁶
818 1589 1003 1631 maximo
1034 1591 1077 1631 et
1114 1589 1368 1645 gravissimo
1405 1590 1606 1645 pondere.
1667 1590 1765 1632 Plu-

232 1658 341 1699 rima
371 1659 594 1712 praeterea
623 1660 697 1699 tua
730 1672 832 1713 erga
862 1672 930 1699 me
960 1671 1124 1699 summo
1156 1672 1252 1699 cum
1272 1672 1367 1710 meo
1387 1657 1547 1700 honore
1579 1660 1621 1700 et
1651 1658 1766 1701 dicta

233 1728 276 1767 et
312 1726 431 1767 facta
474 1726 601 1767 sensi.
663 1725 869 1775 Quotiens
906 1727 954 1767 tu
991 1740 1059 1767 me
1097 1726 1343 1782 manibus1⁷
1382 1725 1468 1767 tuis
1509 1725 1764 1781 sustinuisti,

233 1794 441 1836 adlevasti
472 1808 600 1849 aegre
632 1793 955 1849 adsurgentem,
997 1795 1072 1835 aut
1102 1794 1277 1836 difficile
1314 1794 1661 1849 progredientem
1691 1809 1767 1849 per

234 1862 524 1904 valetudinem
556 1861 773 1916 corpuris8
803 1876 940 1916 paene
970 1861 1186 1916 portasti?
1216 1876 1344 1917 quam
1363 1861 1491 1903 hilari
1511 1861 1630 1906 voltu
1661 1877 1766 1904 sem-

235 1945 312 1986 per
342 1930 513 1985 placato
544 1931 593 1971 tu
622 1930 727 1971 nos9
758 1929 928 1971 adfatus
960 1929 1036 1972 es‘?
1086 1945 1214 1985 quam
1250 1930 1437 1972 libenter
1468 1930 1764 1972 conseruisti¹0

234 1997 507 2040 sermonem?
555 2012 683 2052 quam
715 1997 787 2039 diu
816 1997 1087 2052 produxisti?
1136 2013 1264 2054 quam
1301 1998 1462 2040 invitus
1493 1997 1767 2040 terminasti?

351 2171 367 2201 1
393 2166 528 2211 Incipit
553 2165 641 2201 Cod.
667 2178 703 2211 p.
729 2170 808 2210 430,
832 2166 1002 2202 obscura.

350 2227 370 2258 2
397 2222 486 2258 Cod.
510 2233 580 2258 sec.
607 2234 674 2257 m.:
700 2236 782 2259 cum.

350 2284 370 2316 3
396 2278 672 2314 Oblitteratum.

350 2341 372 2371 4
395 2337 455 2371 Ita
480 2334 620 2380 Codex:
648 2336 769 2372 Maius
793 2336 913 2370 minus
937 2336 1037 2372 recte
1063 2335 1221 2371 dubitat.

351 2397 371 2428 5
395 2393 453 2428 Ita
475 2392 604 2428 Maius.
639 2392 778 2428 Codex:
806 2391 926 2427 CAPE
943 2420 950 2427 .
967 2421 974 2427 .
990 2391 1049 2428 SA
1062 2420 1147 2428 .....
1163 2394 1199 2427 et
1216 2397 1344 2433 locato,
1370 2405 1596 2438 quamquam
1609 2393 1767 2428 multum

239 2449 367 2485 dubito
393 2461 441 2485 an
464 2449 556 2484 haec
573 2448 758 2484 sententia
780 2450 931 2494 integra
955 2448 1011 2484 sit.
1045 2449 1279 2484 Heindorfius
1303 2449 1453 2495 supplet
1481 2463 1606 2495 capere
1631 2452 1766 2485 debere.

353 2510 373 2541 6
399 2505 556 2551 Supplet
578 2505 710 2541 Maius.
760 2505 845 2540 Non
869 2506 925 2540 est
948 2505 1092 2542 lacuna.

354 2567 372 2598 7
398 2563 535 2608 Incipit
560 2562 647 2598 Cod.
674 2575 709 2608 p.
737 2566 815 2606 429,
840 2563 998 2598 obscura
1020 2563 1059 2597 in
1082 2563 1165 2599 fine.

353 2624 374 2655 8
398 2619 456 2654 Ita
481 2619 615 2655 Codex.

353 2681 373 2711 9
397 2676 536 2711 Maius:
572 2680 803 2721 placatissimo
830 2690 908 2712 nos.-
945 2675 1086 2712 Codex:
1122 2677 1187 2725 pla
1212 2704 1541 2712 ..........
1589 2675 1768 2711 Excidere

242 2733 370 2767 decem
395 2733 553 2768 litterae.
602 2732 698 2768 Hinc
723 2732 880 2768 coniecit
904 2732 1044 2767 amicus
1070 2733 1170 2777 quod
1195 2732 1282 2768 dedi
1304 2732 1342 2767 in
1365 2733 1479 2768 textu.

334 2793 375 2824 10
399 2789 457 2824 Ita
482 2789 622 2833 Codex3
647 2788 766 2826 Maius
790 2792 979 2826 eonsevisti.
1013 2788 1245 2824 Ecksteinius
1268 2789 1399 2824 laudat
1420 2789 1698 2824 Drakenborch.
1719 2789 1768 2824 ad

241 2845 318 2881 L1v.
344 2845 387 2880 X.
414 2848 468 2880 24.
496 2849 527 2880 5.
1426 2848 1430 2851 '
