1968 3158
314 156 394 198 140
591 155 639 190 M.
660 153 887 190 CORNELII
910 149 1187 209 FRoNTONIs
1211 155 1553 193 EPISTULARUM

309 269 355 310 in
395 268 507 310 bello
543 268 617 309 ubi
647 282 753 322 opus
784 267 841 309 sit
869 267 1098 323 legionem’
1115 269 1402 324 conscribere,
1442 285 1531 312 non
1567 273 1739 314 tantum
1767 285 1837 314 vo-

310 335 518 377 luntarios
548 335 744 391 legimUS,
779 335 852 377 sed
883 336 1013 378 etiam
1042 336 1219 378 latentis
1238 337 1424 379 'militari
1456 340 1595 380 aetate
1627 339 1837 394 conquiri-

309 417 424 457 mus3
462 403 546 457 ita,
586 403 659 444 ubi
690 402 915 445 verborum
952 403 1175 459 praesidiis
1195 410 1312 459 ‘opus
1342 405 1419 460 sit,
1458 420 1547 447 non
1583 406 1837 448 voluntariis

309 471 493 524 tantum,
526 485 633 525 quae
654 470 766 512 ultro
785 471 1063 530 obvenerint,
1095 474 1285 527 utemur,
1318 472 1393 514 sed
1411 473 1595 516 latentia
1619 473 1836 516 eliciemus

310 539 436 592 atque
467 537 521 579 ad
549 537 867 593 imperandum¹
900 540 1240 595 indagabimusa.

422 605 507 647 Hic
536 605 661 661 illud,
703 607 834 648 etiam
863 608 911 648 ut
942 621 1022 663 ego
1061 607 1266 663 arbitror,
1307 609 1412 650 scite
1444 623 1468 650 a
1498 609 1622 651 nobis
1654 623 1836 651 conven-

308 673 447 727 tum2,
496 673 648 728 quibus
684 675 923 716 rationibus
960 675 1090 717 verba
1127 678 1408 731 quaerantur,
1456 678 1504 718 ut
1540 690 1630 718 non
1666 676 1837 719 hiantes

309 741 625 796 oscitantesque
663 744 976 797 exspectemus,
1017 743 1186 798 quando
1217 744 1394 786 verbum
1423 744 1537 786 ultro
1567 744 1614 785 in
1642 744 1838 800 linguam

309 809 429 863 quasi
459 809 695 863 palladium
725 810 775 851 de
808 810 924 852 caelo
953 810 1173 866 depluat33
1204 811 1278 853 sed
1306 814 1354 853 ut
1383 812 1581 867 regiones
1611 812 1837 854 verborum

309 878 352 918 et
382 876 516 919 saltus
547 877 803 932 noverimus,
834 879 884 919 1113
913 877 987 919 ubi
1017 878 1220 934 quaesitis
1251 893 1356 934 opus
1388 879 1483 934 sit4,
1515 894 1592 935 per
1620 880 1734 921 viam
1763 894 1836 935 po-

306 944 392 986 tius
423 944 476 986 ad
505 945 820 1001 vestigandum,
853 960 981 1001 quam
1009 945 1126 988 invio
1155 946 1521 1002 progrediamurb.

423 1011 549 1054 Certa
587 1012 722 1068 igitur
757 1013 852 1055 loca
890 1015 991 1055 sunt
1029 1028 1053 1055 a
1090 1014 1236 1056 vobis⁵
1270 1047 1677 1056 ..........
1713 1015 1748 1071 16
1781 1048 1789 1056 .
1825 1048 1834 1056 .

311 1113 319 1121 .
356 1113 364 1121 .
401 1113 408 1121 .
445 1114 453 1121 .
493 1080 546 1122 111
575 1080 725 1135 primis
756 1081 918 1130 oratori,
946 1082 1201 1136 cavendum,
1242 1096 1296 1124 ne
1327 1082 1438 1137 quod
1474 1096 1632 1124 novum
1661 1082 1838 1125 verbum

286 1149 356 1189 .ut
395 1162 465 1189 aes
503 1148 791 1191 adulterinum
829 1149 1061 1204 percutiat,
1102 1151 1151 1191 ut
1180 1165 1314 1191 unum
1345 1152 1387 1192 et
1415 1151 1482 1192 id⁷
1514 1150 1690 1192 verbum
1719 1151 1837 1193 vetu-

308 1217 420 1258 state
457 1219 661 1259 noscatur
691 1220 734 1259 et
762 1217 955 1259 novitate
986 1217 1168 1259 delectet
1200 1251 1208 1259 .
1244 1251 1253 1259 .
1289 1219 1322 1259 .’
1334 1251 1834 1260 ............

310 1316 632 1326 ........
668 1284 720 1341 18.
756 1318 764 1326 .
800 1318 808 1326 .
850 1285 1087 1327 officiorum
1125 1285 1285 1341 genera
1324 1285 1425 1340 duo,
1465 1285 1654 1328 rationes
1685 1285 1836 1341 triper-

306 1351 426 1394 titae.
487 1351 633 1394 Prima
664 1353 825 1407 species
857 1353 1137 1408 substantiae,
1169 1355 1218 1394 ut
1248 1353 1323 1408 sit3
1356 1353 1492 1395 altera
1521 1353 1757 1409 qualitatis,
1788 1355 1837 1395 ut

306 1419 407 1461 talis
438 1419 514 1474 sit3
545 1420 674 1462 tertia
704 1421 786 1474 rei,
819 1422 868 1462 ut
896 1435 941 1462 re
970 1421 1065 1475 ipsa
1075 1421 1104 1474 9,
1139 1421 1257 1463 cuius
1289 1435 1416 1463 causa
1446 1421 1664 1476 superiora
1694 1421 1837 1463 officia

307 1487 508 1542 suscepit,
542 1488 712 1543 expleat
735 1521 744 1530 .
771 1521 778 1530 .
807 1522 814 1529 .
842 1521 850 1529 .
875 1488 1000 1544 ᾱῖ3110
1012 1488 1170 1530 cendae
1202 1489 1546 1544 exercendaeque
1576 1489 1836 1544 sapientiae:

420 1635 442 1658 a
467 1626 511 1658 In
534 1626 704 1668 margine.-
728 1623 784 1658 De
808 1623 947 1668 populo
972 1625 1171 1658 verborum
1195 1623 1291 1658 sicut
1313 1623 1352 1657 in
1375 1623 1474 1658 bello
1499 1622 1564 1658 ubi
1588 1634 1680 1669 opus
1700 1625 1764 1672 >est
1786 1624 1837 1660 le—

306 1680 455 1726 gionem
486 1679 648 1715 scribere
678 1689 750 1714 non
777 1700 866 1704 ——
888 1679 1049 1715 latentes
1079 1680 1134 1715 ita
1163 1680 1278 1715 etiam
1307 1679 1344 1714 in
1369 1679 1493 1715 verbis
1517 1690 1592 1714 non
1617 1679 1742 1724 obvia,
1772 1680 1836 1715 sed

307 1737 421 1772 etiam
449 1735 607 1772 latentia
632 1735 812 1771 elicienda
836 1737 923 1771 sunt
947 1737 985 1771 et
1006 1736 1233 1781 indaganda.

419 1793 443 1828 b
469 1796 513 1827 In
543 1797 713 1838 maryine:
758 1792 842 1827 Non
873 1792 1144 1838 expectandum
1172 1792 1329 1828 verbum
1360 1792 1461 1837 quod
1491 1792 1589 1828 ultro
1619 1792 1659 1826 in
1689 1793 1712 1828 1.
1739 1805 1774 1838 q.
1799 1805 1835 1838 p.

306 1849 455 1892 defluat,
481 1849 548 1884 sed
570 1848 744 1894 regiones
769 1849 958 1894 saltusque
982 1849 1182 1885 verborum
1206 1859 1376 1895 quaerere
1402 1849 1561 1894 oportet,
1585 1849 1627 1884 ut
1646 1860 1720 1884 non
1735 1848 1834 1884 invio

307 1905 380 1940 sed.
397 1909 524 1940 itinere
550 1916 782 1949 quaeramus.

422 2012 439 2042 1
466 2007 617 2044 Confert
639 2007 759 2042 Maius
785 2006 858 2043 Cic.
882 2007 931 2043 ad
954 2007 1057 2043 Fam.
1083 2007 1143 2042 IX.
1167 2011 1210 2043 28
1236 2009 1274 2043 et
1298 2006 1476 2043 Sallustii:
1504 2010 1670 2052 Iugurtha
1694 2021 1765 2042 cum
1789 2011 1837 2043 ad

308 2068 537 2109 imperandum
566 2066 728 2099 Tisidium
751 2071 942 2099 vocaretur.

420 2125 440 2155 2
464 2121 523 2156 An
547 2123 828 2156 commentandum
852 2119 911 2155 vel
929 2123 1260 2155 comminiscendum?
1296 2123 1526 2163 Heindorfi'us.
1561 2119 1619 2154 An
1645 2123 1833 2155 inventum?

420 2181 440 2213 3
466 2177 554 2212 Cod.
578 2189 634 2222 pr.
661 2188 709 2211 m.
736 2179 864 2217 diuum,
890 2176 925 2211 h.
953 2187 983 2211 e.
1011 2179 1153 2220 dz'plzcat.

419 2237 442 2268 4
465 2232 604 2268 Codex:
629 2237 673 2268 sit
698 2240 744 2268 ut.

418 2293 439 2326 5
462 2290 654 2325 Fortasse:
680 2303 701 2324 a
726 2291 822 2325 nobis
844 2293 1072 2333 exploranda.
1121 2291 1353 2333 Heindorfius.
1407 2326 1412 2331 ¹

419 2350 439 2381 6
465 2346 639 2391 Sequitur
648 2345 775 2390 Codp.
786 2349 852 2381 403
867 2356 983 2386 erasa,
998 2344 1099 2380 cuius
1109 2344 1217 2380 unica
1230 2344 1416 2380 sententia
1423 2345 1591 2390 superest
1606 2344 1830 2390 inmargine.

420 2407 439 2438 7
463 2403 583 2438 Maius
609 2401 773 2437 coniicit:
799 2406 896 2437 idem.
943 2401 1190 2436 Ecksteinius:
1218 2409 1252 2436 ut
1276 2415 1343 2437 una
1366 2405 1404 2436 id
1426 2404 1559 2436 verbum
1583 2408 1617 2436 et
1639 2409 1702 2436 vet.

418 2463 439 2495 8
464 2458 639 2504 Sequitur
659 2458 750 2494 Cod.
769 2471 805 2504 p.
825 2462 909 2502 402,
932 2457 972 2493 in
996 2469 1070 2502 qua
1092 2458 1183 2493 nihil
1206 2459 1365 2504 apparet
1387 2458 1538 2503 praeter
1553 2469 1666 2493 unam
1690 2459 1833 2494 senten-

304 2516 397 2552 tiam
420 2516 459 2551 in
481 2515 663 2560 margine.
1820 2525 1831 2527 ·

419 2576 439 2608 9
463 2572 503 2607 L.
529 2585 600 2607 rem
623 2575 741 2616 ipsam.
790 2574 1004 2608 Niebuhr-ius.

397 2633 439 2665 10
464 2627 638 2672 Sequitur
655 2628 743 2664 Cod.
759 2631 882 2674 p.401,
899 2627 999 2663 euius
1015 2629 1091 2663 tres
1107 2638 1234 2663 versus
1252 2627 1408 2662 contulit
1421 2626 1570 2662 amicus.
1596 2626 1831 2663 Heindorfius

306 2685 369 2729 qui
384 2684 576 2721 nesciebat
592 2684 784 2730 superiora
801 2696 820 2720 6
836 2684 1005 2729 margine
1031 2683 1221 2729 descripta
1235 2695 1315 2719 esse
1339 2683 1393 2719 ita
1409 2683 1530 2719 locum
1556 2683 1764 2719 constituit:
1789 2685 1831 2719 ut

303 2755 373 2776 rem
397 2746 505 2786 ipsam
529 2762 572 2766 —
597 2741 763 2786 expleat,
789 2745 826 2776 id
849 2748 898 2777 est
924 2755 1039 2777 munus
1063 2741 1256 2776 discendae
1280 2761 1324 2765 —
1348 2739 1509 2785 speciem
1534 2739 1588 2775 rei
1612 2743 1747 2776 dicebat
1769 2751 1831 2776 ne-

304 2796 416 2842 gotiis
440 2802 543 2833 solum
565 2796 806 2833 terminatam
830 2818 873 2823 —
897 2808 1026 2832 verum
1050 2801 1193 2833 docebat
1216 2818 1260 2822 —
1284 2795 1426 2832 retineo
1443 2800 1531 2831 velut
1553 2795 1675 2840 prima
1690 2816 1734 2822 —
1757 2796 1831 2831 sint

232 2890 238 2898 ,
307 2857 468 2888 elementa
494 2864 588 2898 quae
613 2874 656 2879 -—
680 2853 870 2899 pertinent
894 2867 1029 2889 curare.
