1968 3158
218 197 247 226 x
786 151 1159 208 PROLEGOMENA.

218 299 312 352 ptos
358 294 592 350 glossisque.
639 286 858 330 Saxonicis
902 284 1160 337 illustratos3
1207 282 1285 324 hos
1323 296 1400 336 pro
1437 281 1556 323 varia
1595 294 1741 322 eorum

219 363 475 418 antiquitate
506 358 570 400 vel
602 373 625 398 a
656 356 707 397 D.
741 353 1003 397 Columbano
1034 367 1085 394 ex
1115 350 1347 403 Hibernia,
1382 349 1447 390 vel
1479 364 1503 390 a
1533 349 1741 391 Cumiano

220 447 270 473 cx
301 429 442 472 Scotia
474 427 650 480 aliisque
682 422 882 478 Anglicis
912 419 1134 463 monachis
1174 418 1324 468 allatos
1362 419 1549 458 autumo.
1611 415 1742 458 Galli-

221 512 370 540 canam
401 494 611 550 originem
641 492 886 533 monstrant
917 488 1003 530 alii.
1025 513 1081 520 -
1111 486 1292 529 Accedit
1322 485 1509 527 maxima
1529 484 1742 526 Romano-

219 581 311 607 rum
340 564 544 605 librorum
576 561 696 615 copia
727 575 751 600 a
782 558 1045 602 Columbano
1076 558 1119 598 et
1149 554 1344 596 Bertulfo
1373 553 1420 595 in
1451 552 1646 594 Romano
1674 552 1743 594 iti-

218 647 319 675 nere
351 630 541 684 collecta,
573 629 641 671 vel
671 628 815 670 oblata
847 641 871 667 a
899 626 1126 679 fratribus,
1157 624 1204 664 in
1233 622 1300 663 his
1332 620 1549 664 Ciceronis
1578 619 1743 662 010110-

218 715 320 742 num
353 698 514 740 codices
547 697 628 738 duo
649 695 958 737 Ambrosianus
990 695 1033 735 01
1059 690 1361 743 Taurinensis,
1394 688 1493 731 libri
1524 688 1574 729 de
1601 687 1743 742 Repu-

218 768 343 821 blica,
378 768 504 820 atque
535 763 768 820 Epistolae,
801 762 1030 804 Frontonis
1060 774 1202 815 opera,
1236 756 1482 813 Symmachi
1512 755 1741 810 orationes,

220 835 359 878 Codex
390 833 722 886 Theodosianus‚
756 831 1009 885 Anonymus
1041 829 1091 870 de
1114 826 1415 880 Arithmetica,
1448 824 1604 880 aliique
1634 824 1744 865 bene

219 902 390 944 multis<
457 900 710 943 Rectissime
748 898 966 954 Peyronus
1011 897 1118 939 vidit
1154 894 1384 937 Frontonis
1425 893 1613 935 codicem
1655 906 1744 934 non

220 970 342 1012 Bobii
388 970 435 1011 in
480 969 680 1011 coenobio
726 968 946 1009 exaratum
989 965 1141 1019 fuisse,
1190 963 1264 1005 sed
1307 962 1354 1004 in
1391 961 1519 1003 Italia
1566 960 1744 1015 alicubi3

220 1040 367 1094 postea
397 1037 616 1091 monachi,
650 1037 879 1091 ingruente
909 1034 1127 1087 barbarie,
1161 1033 1205 1074 et
1233 1031 1350 1072 hunc
1381 1031 1424 1072 et
1454 1029 1558 1070 alios
1589 1027 1745 1070 multos

220 1106 543 1161 rescripserunt.
605 1104 685 1154 Qui
722 1117 858 1158 nuper
895 1103 945 1144 de
976 1100 1250 1143 Monasteriis
1289 1097 1670 1140 Benedictinorum
1699 1096 1746 1150 in

219 1175 346 1216 Italia
385 1174 494 1229 egit,
542 1172 788 1227 Alphonsus
830 1170 1032 1225 Dantier,
1081 1169 1164 1210 alia
1208 1167 1345 1209 multa
1384 1164 1601 1221 congessit
1637 1178 1746 1219 quae

222 1257 316 1284 cum
345 1242 490 1283 fructu
522 1240 713 1282 conferet
743 1240 814 1294 qui
845 1239 969 1294 plura
1001 1237 1155 1292 cupiet.
1216 1236 1276 1277 Et
1305 1235 1526 1289 Peyronus
1557 1234 1600 1274 01
1629 1231 1746 1274 Dan-

221 1310 368 1352 tierius
399 1310 553 1351 docent
590 1310 780 1350 veterum
811 1307 1067 1361 scriptorum
1099 1305 1262 1347 codices
1292 1318 1381 1345 non
1411 1301 1536 1343 Bobii
1566 1300 1747 1356 scriptos

222 1393 326 1432 esse,
359 1378 430 1432 sed
453 1377 623 1419 aliunde
643 1376 926 1418 bibliothecae
947 1374 1101 1416 illatos.
1144 1372 1240 1428 Sed,
1263 1371 1527 1414 redeundum
1547 1371 1662 1412 enim
1683 1370 1748 1411 est

223 1446 275 1486 ad
295 1445 524 1487 Frontonis
547 1445 751 1499 codicem,
784 1446 832 1485 ut
862 1444 1031 1499 integer
1058 1434 1220 1497 primus
1252 1439 1475 1496 quater-nio
1506 1438 1581 1494 sit,
1614 1439 1747 1480 unum

221 1513 370 1554 folium
401 1513 488 1554 sive
519 1513 626 1554 duae
656 1513 842 1568 paginae
872 1511 978 1553 mihi
999 1511 1142 1552 deesse
1162 1510 1375 1562 videntur,
1407 1507 1535 1549 titulo
1564 1507 1748 1549 fortasse

221 1581 473 1622 destinatae.
544 1580 699 1623 Statim
743 1580 897 1634 incipit
942 1579 984 1622 S.
1025 1577 1257 1621 Caelestini
1293 1576 1438 1631 Papae
1470 1575 1650 1630 epistola
1695 1574 1748 1616 ad.

221 1648 487 1703 Nestorium,
527 1664 634 1703 quae
666 1664 761 1690 cum
791 1648 940 1703 synodi
971 1646 1216 1702 Ephesinae
1248 1645 1355 1687 actis
1387 1644 1592 1698 coniimgi
1623 1642 1745 1684 solet.

221 1717 388 1771 Pagina
423 1717 473 1757 12
509 1716 724 1771 incipiunt
759 1716 857 1757 illae
896 1715 1123 1770 epistolae,
1162 1728 1270 1769 quae
1309 1712 1480 1768 Synodo
1518 1710 1747 1753 Chalcedo-

222 1784 345 1825 nensi
382 1784 495 1825 viam
532 1784 753 1826 muniunt:
798 1784 932 1825 donec
969 1799 1010 1838 p.
1044 1783 1098 1825 79
1140 1784 1205 1824 est
1243 1780 1454 1823 adlocutio
1494 1779 1654 1835 Synodi
1695 1779 1748 1820 ad

222 1851 480 1906 principem:
530 1853 623 1892 tum
662 1867 702 1906 p.
736 1852 791 1893 94
829 1852 1015 1893 edictum
1060 1850 1236 1905 explicit
1278 1848 1487 1904 principis
1538 1847 1748 1903 synodum

225 1919 529 1960 confirmantis.
571 1918 738 1973 Pagina
761 1920 930 1960 demum
950 1919 1005 1961 95
1026 1918 1242 1959 exorditur
1271 1917 1409 1972 prima
1430 1915 1589 1970 Synodi
1620 1915 1746 1968 00110,

225 1986 341 2027 cuius
380 1986 544 2041 amplus
581 1988 791 2028 tractatus
827 1988 966 2027 totum
1004 1986 1204 2039 deinceps
1237 1984 1425 2026 codicem
1454 1984 1637 2037 occupat
1682 1997 1748 2023 08-

225 2068 305 2108 que
336 2053 389 2094 ad
418 2068 516 2109 pag.
549 2054 645 2108 286,
679 2069 786 2108 quae
816 2053 1043 2095 voluminis
1075 2054 1264 2094 extrema
1295 2053 1372 2093 est.
1434 2050 1649 2093 Videntur
1679 2050 1747 2091 de-

225 2135 314 2162 esse
350 2121 396 2162 in
433 2122 518 2163 fine
557 2123 758 2175 quattuor
802 2121 989 2176 paginae
1027 2121 1115 2162 sive
1158 2119 1263 2161 folia
1308 2119 1402 2159 (100.
1463 2117 1603 2159 Huius
1648 2117 1747 2159 libri

227 2188 405 2230 alterum
434 2189 651 2243 volumen,
686 2204 781 2231 cum
808 2189 908 2231 libri
939 2188 1171 2230 Bobienses
1203 2186 1563 2240 distraherentur,
1602 2200 1748 2240 perve-

225 2256 291 2297 nit
320 2256 366 2297 in
397 2256 727 2298 Ambrosianam
757 2256 1072 2298 bibliothecam.
1114 2255 1261 2296 Habet
1289 2254 1472 2310 paginas
1499 2253 1583 2296 452
1612 2253 1749 2309 iisque

227 2324 503 2365 continentur
534 2324 703 2366 concilii
734 2325 924 2366 actiones
956 2339 980 2365 a
1011 2324 1150 2378 prima
1181 2321 1387 2378 acephala
1416 2337 1549 2377 usque
1571 2322 1624 2364 ad
1646 2321 1749 2364 XIV

226 2406 312 2432 non
344 2392 568 2446 expletam.
629 2391 691 2434 Ut
720 2392 918 2434 materies
951 2391 1196 2445 cohaereat,
1236 2390 1455 2432 sciendum
1493 2392 1558 2431 est
1588 2390 1751 2445 aliquot

226 2459 407 2514 paginas
437 2460 562 2502 initio
592 2461 755 2514 deesse3
786 2463 890 2515 puto
919 2460 1051 2501 fuisse
1081 2459 1314 2500 duodecim.
1355 2458 1567 2500 Volumen
1593 2458 1751 2500 desinit

225 2526 271 2567 in
302 2527 440 2568 medio
470 2528 694 2583 vocabu103
725 2529 869 2583 itaque
891 2528 1028 2569 Maius
1049 2527 1148 2569 inde
1169 2526 1381 2568 revulsam
1411 2528 1537 2580 putat
1567 2526 1749 2568 actionis

227 2594 330 2636 XIV
359 2597 526 2649 partem
555 2596 782 2651 reliquam,
830 2610 938 2651 quae
975 2595 1155 2636 materia
1191 2595 1281 2636 fere
1312 2594 1416 2636 satis
1448 2596 1514 2636 est
1542 2595 1618 2636 uni
1648 2609 1749 2649 qua-

227 2663 426 2704 ternioni.
487 2664 579 2705 Iam
610 2664 717 2706 duae
746 2662 987 2719 postremae
1025 2663 1195 2705 concilii
1231 2663 1422 2704 actiones
1458 2661 1542 2703 XV
1572 2663 1616 2703 et
1644 2660 1748 2703 XVI

230 2744 324 2770 cum
362 2731 521 2786 aliquot
564 2732 784 2787 parergis,
832 2746 938 2786 quae
977 2731 1023 2772 in
1067 2730 1281 2786 plerisque
1320 2729 1534 2772 codicibus
1580 2729 1749 2771 subtexi

230 2796 367 2838 solent
396 2799 567 2853 synodo,
599 2801 770 2841 tantum
799 2799 888 2841 fere
921 2814 1071 2853 corpus
1103 2799 1311 2852 efficiunt,
1344 2799 1392 2839 ut
1413 2812 1464 2839 ex
1494 2812 1543 2839 eo
1572 2798 1750 2841 tertium

182 2881 189 2889 ·
230 2864 452 2920 quoddam,
484 2867 562 2908 etsi
593 2867 782 2921 brevius,
814 2867 1012 2908 volumen
1044 2865 1217 2909 confieri
1247 2864 1395 2921 possit.
1457 2863 1577 2914 Quod
1607 2866 1643 2906 si
1673 2864 1748 2907 ali-
