1968 3158
267 180 320 224 66
548 180 595 214 M.
616 179 841 214 CORNELII
865 175 1140 214 FRONTONIS
1164 176 1504 215 EPISTULARUM

266 302 416 337 aestum
447 296 494 335 ut
523 298 719 347 suspendi
747 293 789 334 di
812 293 843 349 Ι1
868 307 982 334 ceres
1006 327 1014 334 .
1038 283 1126 349 Ain
1146 294 1335 348 tandem,
1368 309 1450 349 quo
1485 297 1612 350 pacto
1647 298 1788 338 aestus

267 362 539 418 suspenditur
556 361 578 402 ‘?
635 360 784 415 Neque
829 361 873 402 id
910 362 1222 416 repraehendo,
1268 364 1311 403 te
1349 362 1468 404 verbi
1504 363 1788 421 translatione

266 431 466 472 audacius
511 443 803 484 progressum:
850 430 1006 484 quippe
1051 430 1122 483 qui
1171 429 1289 471 Enni
1326 431 1541 472 sententia
1587 440 1787 475 oratorem

265 502 459 541 audacem
490 511 573 539 esse
602 501 746 539 debere
777 512 984 539 censeam.
1047 497 1112 539 Sit
1142 513 1245 539 sane
1276 498 1413 539 audax
1443 500 1598 554 orator,
1630 501 1679 541 ut
1701 500 1789 541 En-

263 566 359 607 nius
389 565 599 620 postulat3
630 565 703 606 sed
734 580 758 606 a
789 565 1087 621 significando,
1128 566 1238 621 quod
1268 566 1357 608 volt
1386 565 1538 621 eloqui,
1578 582 1790 622 nusquam
1826 614 1830 619 .

263 634 564 689 digrediatura.
625 633 766 689 Igitur
802 633 1067 675 voluntatem
1106 634 1275 688 quidem
1313 636 1431 675 tuam
1470 649 1628 691 magno
1663 650 1789 690 opere

262 701 439 756 probavi
469 701 727 756 laudabique
757 716 885 756 quom
921 702 1097 743 verbum
1132 716 1334 757 quaerere
1373 703 1599 758 adgressus
1630 717 1695 759 es,
1724 703 1788 745 in-

262 770 531 825 diligentiam
563 771 706 811 autem
736 770 917 824 quaesiti
947 770 1078 824 verbi,
1113 770 1222 825 quod
1253 772 1365 811 esset
1393 770 1589 825 absurda,
1622 786 1788 826 reprae-

260 837 411 879 hendi:
443 853 626 893 namque
656 837 950 879 manuleorum
980 838 1232 892 intervallis,
1270 853 1377 893 quae
1407 838 1624 880 interdum
1643 839 1788 881 laxata

259 905 450 947 videmus
497 908 624 961 atque
666 906 905 960 fluitantia,
954 906 1155 960 suspendi
1201 908 1343 948 aestus
1389 921 1477 948 non
1507 909 1669 962 potest:
1715 923 1787 962 po-

259 975 345 1015 test
383 976 525 1015 aestus
562 989 639 1029 per
674 974 804 1016 vestis
843 973 1071 1015 intervalla
1102 973 1270 1028 depelli,
1317 977 1459 1029 potest
1497 975 1609 1030 degi,
1646 977 1788 1030 potest

260 1042 467 1096 demeare,
501 1044 643 1096 potest
675 1042 953 1095 circumduci,
994 1042 1136 1096 potest
1165 1041 1409 1096 interverti,
1447 1044 1589 1097 potest
1628 1044 1787 1085 eventi-

232 1109 358 1162 lari:
390 1110 535 1151 omnia
566 1110 748 1164 denique
769 1110 912 1164 potius
932 1111 1088 1164 potest,
1122 1123 1250 1164 quam
1280 1124 1402 1164 posse
1424 1110 1646 1165 suspendi3
1677 1111 1789 1166 quod

258 1178 436 1219 verbum
485 1177 714 1232 suspendi2
763 1177 993 1232 sustineri,
1055 1191 1143 1218 non
1200 1192 1277 1232 per
1327 1177 1572 1219 laxamenta
1622 1178 1786 1234 deduci,

259 1246 489 1301 significat.

373 1313 477 1354 Post
507 1314 590 1354 ista
620 1314 780 1368 monui,
813 1313 966 1368 quibus
998 1313 1162 1368 studiis,
1204 1314 1406 1368 quoniam
1442 1315 1504 1355 ita
1543 1314 1695 1370 velles,
1744 1317 1787 1357 te

258 1381 462 1423 historiae
493 1382 747 1423 scribundae
767 1396 1058 1436 praeparares.
1098 1381 1190 1431 Qua
1222 1382 1272 1423 de
1302 1396 1347 1423 re
1379 1382 1501 1423 cum3
1530 1382 1701 1438 longior
1731 1383 1788 1424 sit

259 1450 407 1504 oratio,
440 1464 495 1490 ne
526 1450 698 1491 modum
729 1449 937 1505 epistulae
968 1450 1176 1505 egrediar,
1216 1450 1347 1491 finem
1382 1450 1508 1491 facio.
1570 1450 1614 1492 Si
1649 1453 1698 1492 tu
1736 1451 1787 1492 de

262 1532 311 1558 ea
342 1532 508 1573 quoque
540 1532 585 1559 re
608 1518 737 1559 scribi
760 1518 812 1559 ad
832 1519 875 1559 te
895 1517 1024 1573 voles,
1059 1517 1188 1559 etiam
1211 1518 1346 1572 adque
1372 1517 1502 1559 etiam
1524 1518 1784 1560 admonebis.
1824 1542 1830 1546 -

300 1630 383 1673 IV.
429 1631 490 1673 Μ.
525 1631 696 1675 Caesar
726 1631 787 1674 M.
818 1631 1054 1674 Frontoni
1083 1631 1314 1684 Magistro
1345 1628 1440 1674 Suo
1461 1630 1493 1687 ⁴!
1518 1628 1750 1674 Salutem.

373 1721 605 1777 Postquam
635 1721 877 1763 vehiculum
906 1722 1116 1776 inscendi,
1148 1723 1376 1777 postquam
1404 1723 1447 1762 te
1477 1721 1673 1777 salutavi,
1705 1722 1788 1764 iter

259 1804 347 1831 non
390 1790 493 1831 adeo
534 1790 849 1831 incommodum
879 1805 957 1831 nos
996 1790 1175 1831 fecimus
1186 1791 1216 1844 ⁵,
1249 1789 1321 1831 sed
1358 1789 1578 1844 paululum
1618 1790 1786 1845 pluviae

260 1858 421 1912 aspersi
443 1873 600 1899 sumus.
641 1858 723 1900 Sed
743 1859 993 1913 priusquam
1024 1858 1077 1899 ad
1098 1857 1268 1899 villam6
1298 1858 1505 1912 venimus,
1538 1858 1787 1914 Anagniam

262 1925 519 1967 devertimus
541 1926 656 1967 mille
677 1926 766 1967 fere
787 1941 938 1980 passus
961 1941 985 1967 a
1005 1925 1087 1967 via.
1121 1924 1287 1967 Deinde
1307 1925 1350 1966 id
1372 1925 1575 1980 oppidum
1596 1926 1787 1968 anticum

259 1993 462 2048 vidimus,
509 1993 769 2035 minutulum
806 1993 977 2048 quidem
1022 1993 1095 2035 sed
1131 1993 1289 2034 multas
1320 2007 1387 2034 res
1426 1993 1473 2034 in
1504 2008 1548 2034 se
1588 1994 1787 2048 antiquas

258 2060 403 2115 habet,
438 2061 562 2102 aedes
594 2063 848 2116 sanctasque
881 2061 1185 2102 caerimonias⁷
1224 2075 1353 2115 supra
1388 2061 1572 2103 modum.
1631 2061 1786 2103 Nullus

261 2129 444 2184 angulus
475 2129 572 2183 fuit,
614 2129 686 2169 ubi
718 2129 940 2170 delubrum
971 2125 1225 2170 aut‘fanum
1257 2130 1331 2169 aut
1360 2128 1567 2182 templum
1597 2143 1685 2170 non
1716 2129 1784 2174 sit..

372 2275 395 2299 a
418 2267 463 2298 In
487 2268 654 2309 maryz‘ne:
691 2266 744 2299 Sit
768 2271 888 2299 orator
913 2263 1034 2299 audax
1064 2265 1102 2298 et
1124 2264 1325 2299 verborum
1348 2263 1591 2298 translatione
1615 2274 1786 2309 progres-

259 2333 329 2364 sus,
354 2320 419 2356 sed
444 2332 466 2355 a
490 2320 730 2365 significando
756 2320 856 2365 quod
879 2320 957 2356 volt
981 2319 1104 2364 eloqui
1128 2331 1311 2364 nusquam
1337 2319 1579 2364 digrediatur.

374 2439 390 2470 1
416 2434 551 2480 Incipit
576 2434 664 2469 Cod.
690 2434 774 2469 Vat.
800 2446 836 2479 p.
858 2438 932 2469 150.

374 2496 393 2526 2
420 2491 508 2527 Cod.
539 2491 731 2527 mendose:
767 2504 872 2535 super·
900 2494 1025 2536 nequit.
1085 2489 1252 2524 Correxit
1280 2489 1409 2524 Maius.
1465 2489 1666 2526 Praeterea
1695 2489 1785 2527 Eck-

259 2548 411 2584 steinius
436 2547 640 2583 rectissime
673 2547 766 2583 vidit
794 2547 1060 2592 interpolatum
1091 2558 1169 2582 esse
1197 2559 1300 2591 posse
1334 2546 1371 2580 in
1403 2547 1527 2581 verbis
1558 2562 1654 2593 quam
1682 2562 1785 2593 posse

256 2609 431 2651 suspendi.

372 2667 392 2697 3
419 2660 506 2696 Cod.
532 2672 587 2706 pr.
614 2672 662 2695 m.
690 2674 731 2696 ea
754 2674 804 2696 re.

371 2723 392 2752 4
417 2717 551 2762 Incipit
575 2717 662 2752 Cod.
688 2716 808 2752 Vatic.
834 2729 870 2762 p.
891 2721 955 2752 149
979 2717 1078 2752 lectu
1103 2717 1272 2752 difficilis.

373 2779 393 2808 5
419 2773 558 2808 Codex:
584 2788 650 2809 non
671 2777 822 2817 fecimus.
874 2773 1042 2809 Correxit
1065 2773 1307 2808 Ecksteinius.

373 2834 392 2863 6
419 2829 620 2874 Signinam,
646 2831 688 2864 ut
710 2829 808 2864 infra
832 2831 1075 2875 cognoscitur.
1125 2832 1252 2865 Malus.

373 2889 391 2921 7
419 2885 558 2920 Codex:
584 2890 799 2923 caerimonia.
