1968 3158
273 157 357 199 222
601 154 648 189 M.
669 153 894 189 CORNELII
918 151 1194 188 FRONTONIS
1219 151 1483 187 EPISTULAE

275 270 468 311 oratione
499 268 700 309 laudatus
731 269 815 309 est:
846 266 895 308 ut
924 266 1031 308 milu·
1065 266 1138 308 flle
1170 266 1364 308 videatur
1401 280 1489 307 non
1517 265 1580 308 ita
1609 266 1696 308 suis
1726 265 1808 307 vir-

274 337 460 391 tutibus7
493 338 541 377 ut
572 335 787 378 Ciceronis
817 335 1028 389 laudibus,
1061 334 1248 390 Magnus
1281 333 1607 389 cognominatus
1621 335 1629 360 ¹
1643 343 1674 376 ³.

392 404 501 445 Tum
529 405 753 459 praeterea
781 403 918 445 multa
948 403 1046 445 istic
1076 403 1262 458 reperies
1291 401 1589 458 praesentibus
1621 402 1808 444 consiliis

273 473 360 514 tuis
393 472 535 527 capita
557 474 657 527 apte
679 471 962 526 considerata,
996 471 1047 512 de
1069 471 1246 513 ducibus
1271 471 1534 512 exercituum
1565 469 1805 525 (1612118611-

275 541 353 595 dis,
386 540 437 581 de
462 540 694 582 commodis
716 540 942 595 sociorum,
974 539 1111 581 tutela
1134 539 1466 594 provinciarum,
1499 537 1551 579 de
1583 571 1592 579 .
1628 537 1683 591 .3,
1714 538 1808 578 tum

274 608 427 663 quibus
459 607 624 649 artibus
662 608 878 663 praeditos
919 622 1010 649 esse
1045 608 1241 662 oporteat
1270 606 1549 662 imperatores
1588 603 1658 662 [ob
1687 619 1808 647 suam

276 678 319 717 et
351 675 603 733 ceterorum]
647 709 655 717 .
691 709 701 718 .
733 677 946 717 tractatus
981 709 989 717 .
1025 709 1033 716 .
1067 690 1172 730 quas
1210 708 1219 716 .
1256 708 1264 715 .
1304 673 1590 716 intentionem
1623 705 1632 714 .
1668 706 1676 714 .
1710 686 1807 714 con-

275 745 406 786 suevi.
458 743 497 785 N
504 758 525 785 e
559 777 567 785 .
604 756 617 785 ξ
646 745 724 785 sim
760 777 768 785 .
806 777 814 785 .
848 744 949 798 quid
981 757 1060 799 ego
1090 743 1260 785 intento
1290 742 1450 783 maiore
1479 741 1547 783 vel
1579 740 1809 795 aliquando

275 826 426 867 reprae
470 845 478 853 .
515 844 524 853 .
560 844 568 853 .
610 811 793 853 arbitror
822 811 1089 866 profuturas3
1119 811 1224 853 velis
1254 810 1492 851 dumtaxat.
1553 808 1612 850 Et
1641 809 1678 850 si
1713 808 1808 864 quis

277 913 285 921 .
322 913 330 921 .
364 880 476 935 quod
514 881 639 935 inper
672 912 680 920 .
716 879 753 920 ‚⁴
813 878 963 934 Neque
1002 879 1107 920 mihi
1146 892 1408 932 suscenseas,
1448 877 1559 931 quod
1595 891 1683 918 non
1711 888 1807 918 mea

274 963 406 990 manu
436 941 516 989 tibi
546 947 836 989 rescribserim
848 980 859 1002 ‚
891 946 1145 1002 praesertim
1177 960 1273 988 cum
1303 960 1328 986 a
1357 946 1400 986 te
1426 946 1502 986 tua
1521 959 1654 986 manu
1677 943 1807 986 scrib-

274 1018 341 1056 tas
372 1015 540 1057 litteras
572 1015 824 1070 acceperim.
886 1014 1047 1070 Digitis
1080 1013 1306 1055 admodum
1334 1013 1535 1054 invalidis
1565 1026 1682 1053 nunc
1711 1013 1809 1053 utor

275 1086 318 1124 et
362 1083 718 1125 detractantibus.
780 1083 890 1125 Tum
933 1082 1040 1124 haec
1086 1081 1269 1137 epistula
1312 1081 1545 1122 multorum
1581 1079 1807 1122 verborum
1860 1107 1865 1111 ·

265 1151 500 1207 'indigebat
511 1152 539 1206 5,
572 1165 667 1193 mea
699 1153 842 1193 autem
873 1150 1047 1193 dextera
1077 1164 1230 1196 manus
1261 1149 1342 1191 hac
1371 1149 1628 1203 tempestate
1651 1161 1807 1203 pauca-

274 1233 368 1260 rum
398 1218 656 1261 litterarum.
1803 1226 1806 1227 ’

721 1302 821 1350 Lem·
856 1302 1082 1340 Emendavi
1109 1302 1180 1350 qui
1212 1311 1353 1350 supra.

832 1388 891 1430 M.
923 1387 1256 1431 FRONTONIS

766 1467 829 1502 DE
854 1466 1030 1502 BELLOG
1055 1465 1312 1502 PARTHICO.

389 1604 411 1628 a
436 1596 481 1628 In
516 1597 683 1638 nzaryine:
732 1592 783 1627 Ut
821 1591 912 1626 mihi
945 1591 1145 1637 Pompeius
1179 1590 1349 1626 videatur
1388 1602 1463 1626 non
1500 1589 1556 1626 ita
1591 1610 1632 1614 —
1669 1600 1804 1635 cogno·

276 1650 449 1684 minatus.

389 1779 405 1809 1
431 1775 536 1810 Hanc
559 1773 758 1810 lectionem
782 1773 901 1809 Maius
925 1785 945 1809 e
970 1773 1139 1818 margine
1163 1773 1296 1816 habet;
1322 1772 1361 1807 in
1384 1772 1494 1808 textu
1517 1771 1671 1817 legitur:
1708 1771 1769 1807 AC
1797 1800 1803 1807 .

272 1832 373 1866 NEN
391 1860 398 1867 .
428 1859 435 1866 .
461 1830 633 1866 PATUS:
660 1831 694 1865 h.
723 1841 766 1873 e.‚
791 1831 833 1865 ut
856 1830 948 1864 mihi
971 1829 1136 1873 videtur,
1161 1843 1268 1875 aeque
1292 1836 1514 1873 nuncupatus.

387 1893 407 1923 2
433 1887 568 1933 Incipit
592 1886 679 1922 Cod.
706 1899 742 1932 p.
770 1891 847 1930 215,
873 1887 1048 1929 obscura3
1073 1886 1133 1922 vix
1157 1897 1279 1931 pauca
1304 1885 1463 1920 conferri
1486 1886 1653 1930 possunt.

386 1949 406 1980 3
432 1944 570 1990 Supple
606 1956 719 1978 unum
754 1944 919 1979 verbum.
970 1946 1096 1980 Maius.
1151 1943 1400 1978 Buttmannus
1440 1941 1584 1976 scribit:
1625 1945 1806 1986 disciplina

273 2004 406 2036 militum
431 2000 509 2035 sine
536 2004 588 2038 de.

386 2061 408 2091 4
432 2057 473 2091 In
496 2057 553 2091 his
578 2057 719 2097 lacunis
745 2056 883 2091 cubant
907 2067 1035 2092 versus
1059 2056 1189 2092 XXVI.
1239 2059 1367 2091 Maius.

387 2118 408 2148 5
433 2113 574 2148 Codex:
605 2118 738 2148 multum
761 2116 936 2148 verborum
959 2116 1145 2158 ingerebat.
1196 2111 1364 2150 Correxit
1387 2112 1645 2147 Buttmannus.

388 2173 408 2203 6
433 2170 491 2204 Ita
515 2168 650 2204 Codex.
699 2169 759 2204 Pr.
785 2181 834 2204 m.
861 2172 960 2207 Belo.
