1968 3158
656 176 720 212 m:
745 176 902 213 FERIIS
934 175 1254 214 ALSIENSIBUS.
1640 180 1723 223 227

190 289 346 334 ferias¹
380 290 602 334 celebras?
652 291 744 335 Nec
774 292 1091 348 Chrysippum·
1123 295 1243 335 tuum
1275 293 1517 348 praeteribo
1529 294 1559 348 ²,
1598 308 1724 349 quem

190 358 379 415 quotidie
410 359 557 402 ferunt
586 360 830 403 madescere
861 360 1034 404 solitum
1046 361 1074 404 ³.
1132 360 1191 403 Et
1228 360 1430 417 pleraque
1463 394 1473 404 .
1509 363 1546 404 ‚⁴
1577 361 1726 405 Socra-

190 427 310 471 temb
344 461 352 470 .
388 428 427 469 ,ὃ
456 442 510 471 ex
540 429 854 472 Socraticorum
891 429 1119 485 sumposiis
1157 431 1201 471 et
1231 429 1413 486 dialogis
1454 432 1498 472 et
1527 429 1724 486 epistulis

191 495 408 538 existimes
439 497 655 540 hominem
685 496 869 539 multum
892 498 1047 540 scitum
1078 499 1122 539 et
1150 497 1339 540 facetum
1368 497 1514 541 fuisse.
1577 497 1725 541 Socra-

189 565 277 607 tem
308 564 534 622 intelleges
565 565 774 621 Aspasiae
805 564 1075 620 discipulum,
1108 565 1323 608 Alcibiadi
1354 566 1623 622 magistrum.

304 632 397 675 Iam
427 633 462 675 si
494 633 652 676 bellum
682 632 861 675 indixtei
892 633 1005 685 ludo,
1035 633 1136 688 otio,
1169 634 1373 688 satietati,
1413 633 1646 690 voluptati,
1680 636 1726 677 at

188 702 238 743 tu
268 700 404 743 dormi
435 701 588 743 saltem
617 703 828 758 quantum
866 701 1000 744 libero
1036 701 1199 744 homini
1231 702 1336 744 satis
1367 703 1444 744 est.
1507 701 1725 744 Intensius

190 768 245 811 ad
289 783 532 825 supremam
565 802 574 812 .
609 802 619 811 .
658 770 703 812 in
737 802 746 812 .
781 802 791 812 .
833 770 886 812 ad
930 770 1132 812 luminis⁶
1172 803 1181 812 .
1223 803 1232 812 .
1277 803 1286 812 .
1366 770 1437 812 An
1474 770 1648 813 tandem
1688 771 1723 812 si

189 837 336 894 ignem
366 838 418 879 de
450 837 568 880 caelo
598 851 724 880 nemo
754 837 1057 893 surrupuisset,
1090 838 1152 880 sol
1183 853 1271 880 non
1302 841 1416 880 esset
1435 837 1515 880 tibi
1543 839 1649 880 satis
1671 838 1724 880 ad

187 905 498 948 iudicandum?
527 905 618 948 Ne⁷
641 921 737 948 cum
758 906 905 949 animo
936 908 1010 948 tuo
1040 908 1213 961 reputes
1245 906 1461 949 cotidiano
1490 909 1534 948 te
1552 906 1724 949 menda-

189 973 255 1016 cio
286 974 515 1030 adstringi,
556 988 653 1016 cum
690 976 734 1016 te
773 974 887 1017 diem
918 973 1157 1029 cognitioni
1187 974 1289 1016 dare
1320 974 1383 1016 ais
1421 976 1464 1016 et
1493 977 1620 1017 nocte
1659 989 1724 1017 co-

188 1042 445 1099 gnoscisc18‚
478 1043 596 1084 tum⁹
627 1043 716 1086 sive
747 1043 1004 1085 condemnes
1043 1041 1132 1084 sive
1170 1042 1367 1084 absolvas
1396 1042 1581 1084 mendax
1611 1043 1725 1084 futu-

187 1124 274 1152 rus,
336 1109 381 1153 Si
411 1110 657 1167 quempiam
696 1110 979 1165 condemnas,
1023 1123 1172 1163 parum
1208 1115 1364 1154 cavisse
1403 1114 1562 1153 videtur
1576 1111 1609 1137 ¹⁰
1645 1110 1723 1152 ais.

186 1177 305 1220 Istuc
335 1179 520 1235 quidem,
565 1179 599 1222 si
639 1179 840 1222 lucernae
877 1180 1192 1234 removeantur,
1234 1178 1344 1221 nihil
1381 1178 1517 1220 videri
1543 1179 1722 1234 poterit.

300 1246 362 1289 At
389 1249 438 1290 tu
467 1248 643 1290 obsecro
672 1247 739 1290 vel
768 1247 861 1302 ioco
891 1247 958 1290 vel
989 1246 1099 1289 serio
1128 1248 1172 1289 te
1203 1246 1369 1289 exorari
1399 1262 1425 1288 a
1461 1261 1530 1289 me
1559 1249 1723 1302 patere,

187 1329 243 1358 ne
272 1317 317 1358 te
346 1330 496 1358 somno
526 1315 751 1358 defraudes
781 1315 928 1371 utique
957 1315 1164 1358 terminos
1201 1315 1285 1357 diei
1323 1317 1368 1357 et
1396 1315 1536 1357 noctis
1567 1329 1723 1358 serves.

301 1383 445 1439 Agere
482 1383 534 1426 de
564 1383 723 1441 finibus
761 1384 911 1426 duos¹¹
955 1383 1092 1426 claros
1129 1385 1173 1425 et
1210 1383 1376 1425 nobiles
1406 1382 1645 1438 Vesperum
1682 1385 1726 1425 et

188 1450 433 1494 Luciferum
463 1452 618 1508 putad:
649 1452 820 1507 utrique
841 1451 1250 1494 demonstrationem
1281 1450 1347 1493 sui
1368 1452 1548 1507 quisque
1563 1451 1594 1477 ¹2
1614 1450 1723 1493 limi-

187 1519 244 1561 tis
281 1519 536 1562 ostendunt:
583 1520 735 1562 horum
775 1520 1015 1577 cognitioni
1053 1519 1262 1562 interesse
1298 1518 1489 1575 postulat
1527 1518 1724 1574 Somnus,

188 1601 291 1629 nam
321 1602 367 1630 se
393 1587 617 1643 quisque¹³
645 1588 831 1630 adfinem
861 1603 953 1631 esse
983 1588 1158 1645 negotio
1188 1590 1232 1629 et
1260 1587 1429 1642 adtingi
1461 1586 1619 1628 iniuria
1648 1586 1723 1629 ait.

302 1678 326 1702 a
349 1670 395 1702 ln
410 1670 581 1713 margine.-
605 1666 661 1703 De
686 1666 906 1714 Chrysippo.

302 1723 328 1758 b
353 1726 398 1759 In
422 1727 591 1770 maryine:
615 1723 671 1759 De
697 1722 861 1760 Socrate.

303 1791 323 1816 c
351 1783 393 1815 In
415 1784 588 1827 margine:
615 1808 874 1816 ........
902 1780 1090 1816 cotidiano
1114 1800 1158 1804 —
1182 1778 1385 1826 cognoscis.

303 1836 327 1872 d
356 1840 397 1872 In
419 1841 591 1883 margine:
616 1837 671 1873 De
695 1836 862 1873 Lucifere
893 1839 958 1882 (ita
980 1839 1081 1880 Cod.)
1106 1837 1145 1871 et
1169 1836 1215 1871 de
1239 1835 1403 1882 Vespere
1428 1837 1466 1871 et
1491 1835 1639 1872 Somno.

305 1921 320 1952 1
349 1916 404 1953 Cf.
430 1917 551 1952 Plaut.
578 1915 685 1962 Capt.
712 1916 776 1953 ΙΙΙ.
805 1921 834 1952 1.
860 1920 892 1952 8.
942 1918 1071 1952 Maius.
1120 1916 1321 1951 Praeterea
1352 1915 1444 1961 legit
1472 1915 1724 1951 Heindorfius:

188 1974 295 2010 Nunc
319 1973 410 2018 quid
435 1982 469 2009 tu
494 1974 563 2010 etc.

301 2033 323 2066 2
347 2030 407 2066 Ita
431 2029 573 2074 Codex,
597 2041 672 2066 non
695 2037 891 2076 praetereo.

302 2092 324 2124 3
347 2086 400 2123 Cf.
426 2086 681 2123 testimonium
703 2086 859 2123 Laertis.
904 2089 1031 2125 Maium

301 2148 326 2179 4
348 2143 441 2180 Tres
463 2154 592 2179 versus
617 2143 775 2180 evanidi.

304 2204 325 2236 5
348 2200 488 2246 Supple
512 2200 587 2236 tria
610 2201 687 2236 sere
710 2201 837 2237 verba.
889 2203 1015 2239 Maius.

303 2261 324 2292 6
347 2257 390 2292 In
412 2256 470 2292 his
494 2256 636 2293 lacunis
662 2257 801 2293 cubant
823 2258 899 2293 tres
916 2268 1053 2293 versus.
1087 2255 1323 2292 Ecksteinius
1347 2255 1551 2292 rectissime
1577 2256 1726 2302 supplet

189 2317 322 2350 luminis
345 2324 442 2357 oras,
467 2313 550 2348 coll.
576 2313 722 2349 Lucret.
747 2313 775 2349 I.
802 2317 846 2349 23
871 2315 910 2349 et
933 2313 1042 2348 Ennii
1065 2313 1197 2355 Annal.
1226 2313 1253 2357 Ι,
1274 2317 1349 2349 118.
1379 2317 1452 2348 165.

304 2374 323 2406 7
349 2369 599 2405 Heindorfius:
627 2373 699 2406 Nec
722 2390 766 2395 —
789 2377 932 2416 reputas
955 2390 998 2396 —
1020 2373 1182 2415 futurus?

303 2429 324 2462 8
349 2425 485 2472 Incipit
508 2425 598 2461 cod.
623 2438 662 2472 p.
686 2430 765 2463 220.

304 2487 325 2519 9
350 2482 491 2518 Codex:
522 2490 620 2518 tuum.
668 2482 787 2519 Maius
813 2483 956 2519 confert
979 2483 1137 2519 Dionem
1161 2482 1287 2519 LXXI.
1315 2486 1346 2517 6.

282 2544 326 2577 10
349 2539 564 2575 Formulam
586 2539 683 2575 hanc
705 2539 823 2575 habet
846 2539 977 2575 Festus
1001 2550 1149 2584 quoque
1174 2550 1264 2575 voce
1287 2551 1422 2589 parum..
1462 2537 1587 2573 Innuit
1610 2537 1723 2573 etiam

191 2597 369 2634 Horatius
393 2597 474 2632 Art.
499 2597 600 2642 poet.
627 2599 703 2632 353.
754 2599 870 2632 Maius
893 2595 1094 2631 secundum
1116 2595 1385 2632 Heindorfium.

284 2659 324 2690 11
349 2653 468 2689 Maius
498 2651 647 2688 coniicit
670 2656 763 2688 deos.
812 2651 970 2688 Orellius
996 2655 1082 2688 duos
1105 2656 1198 2688 deos.
1247 2651 1479 2687 Ecksteinius
1503 2654 1598 2687 cliuos
1626 2654 1720 2687 duos.

192 2711 334 2748 Codex:
366 2714 409 2746 de
428 2712 552 2755 finibus
578 2735 834 2744 ........
861 2708 888 2743 C
903 2707 1008 2751 xUIS
1033 2713 1156 2745 claros.

284 2771 325 2803 12
350 2765 494 2802 Codicis
511 2765 622 2801 lectio
640 2775 714 2800 non
732 2764 823 2801 satis
843 2766 946 2801 certa
964 2766 1036 2808 est;
1061 2775 1181 2810 neque
1205 2765 1262 2800 est
1281 2768 1430 2811 quisque,
1454 2774 1576 2809 neque
1594 2777 1724 2810 quoque

191 2836 312 2871 neque
337 2836 488 2871 quaque,-
518 2821 583 2858 alii
607 2821 771 2858 videant.

284 2886 325 2918 13
349 2881 397 2917 F:
421 2884 578 2927 quoique.
627 2882 841 2916 Niebuhr-ius.
891 2879 1069 2915 Orellius:
1094 2892 1237 2926 quoque.

1370 2935 1453 2978 15*
