1968 3158
294 195 349 235 48
576 191 623 224 M.
643 187 868 223 CORNELII
893 185 1169 220 FRONTONIS
1193 184 1534 220 EPISTULARUM

295 319 419 358 saepe
449 306 537 344 tam
568 315 692 342 saevo
723 300 930 341 desiderio
951 299 1124 354 fatiger,
1156 298 1376 339 Postremo
1407 299 1545 340 omnis
1569 299 1759 340 omnium
1783 298 1814 353 1¹

293 371 544 426 populorum
574 367 788 422 praesides
819 367 939 420 deos,
980 368 1108 421 atque
1137 366 1279 420 ipsum
1308 365 1497 420 lucum2,
1537 366 1608 420 qui
1647 365 1816 420 Capito-

293 440 397 479 lium
426 437 615 477 montem
652 433 806 488 strepit
819 435 848 488 3,
895 448 1052 489 quaeso
1089 434 1254 475 tribuat
1298 432 1380 475 hoc
1416 432 1553 487 nobis,
1597 435 1646 474 ut
1687 433 1818 474 istum

294 506 417 558 diem,
450 517 531 558 quo
561 502 679 543 mihi.
696 504 824 543 natus
856 516 899 543 es
910 503 940 556 4,
973 504 1129 556 tecum,
1161 502 1283 542 firmo
1313 503 1356 542 te
1386 500 1595 555 laetoque,
1629 499 1817 542 'concele-
1862 520 1864 523 ·

292 573 423 613 brem.
484 569 614 623 Vale,
655 570 713 610 mi
753 569 994 611 dulcissime
1035 571 1078 611 et
1123 569 1363 611 carissime5
1394 568 1613 623 magister.
1678 566 1815 623 Rogo,

295 653 444 693 corpus
477 652 591 691 cura,
631 639 693 691 ut,
727 651 854 692 quom
892 651 1061 691 venero,
1102 636 1269 679 videam
1299 638 1354 678 te.
1415 635 1601 677 Domina
1636 649 1732 676 mea
1774 636 1818 676 te

294 706 464 748 salutat.

826 817 888 860 X.
929 817 1131 861 Domino
1161 817 1278 860 Meo.

407 908 562 951 Omnia
592 908 715 949 nobis
751 922 955 962 prospera
993 910 1107 962 sunt,
1147 922 1274 961 quom
1310 909 1359 948 tu
1395 922 1472 962 pro
1509 907 1632 949 nobis
1672 908 1816 962 optas:

292 991 429 1031 neque
460 976 575 1018 enim
606 976 828 1031 quisquam
858 975 1028 1030 dignior
1059 975 1166 1016 alius
1194 979 1251 1029 te,
1285 974 1356 1029 qui
1388 989 1412 1015 a
1442 975 1506 1016 dis
1537 989 1644 1030 quae
1666 974 1817 1029 petiit6

293 1046 501 1098 inpetret3
551 1043 634 1084 nisi
666 1043 778 1097 quod
808 1057 887 1098 ego
928 1058 1025 1085 cum
1054 1057 1131 1097 pro
1160 1044 1204 1083 te
1234 1056 1431 1097 praecor,
1471 1057 1596 1084 nemo
1637 1043 1744 1084 alius
1774 1044 1818 1083 te

233 1163 236 1166 Α
294 1112 463 1167 dignior
502 1113 579 1165 est,
625 1124 702 1165 pro
733 1125 814 1165 quo
857 1111 1120 1189 impetretur.
1172 1109 1293 1164 Vale,
1339 1109 1523 1151 Domine
1561 1109 1817 1152 dulcissime.

294 1179 523 1221 Dominam
553 1178 705 1220 saluta.

816 1291 907 1335 xl.
953 1291 1155 1335 Domino
1186 1291 1301 1335 Meo.

408 1383 558 1425 Gratia
597 1383 650 1424 ad
687 1397 754 1424 me
798 1382 891 1424 heri
929 1384 1055 1424 nocte
1099 1382 1231 1424 venit.
1293 1381 1374 1424 Sed
1409 1396 1487 1437 pro
1526 1381 1677 1424 Gratia
1714 1381 1820 1424 mihi

292 1451 388 1505 fuit,
422 1451 531 1506 quod
561 1453 610 1492 tu
629 1445 819 1507 'gnomas
850 1450 1024 1506 egregie
1047 1449 1309 1503 convertisti,
1342 1449 1455 1491 hanc
1476 1450 1659 1505 quidem,
1692 1464 1821 1505 quam

293 1519 416 1560 hodie
448 1519 605 1573 accepi,
638 1533 770 1573 prope
800 1518 1004 1573 perfecte,
1035 1520 1085 1559 ut
1111 1517 1215 1572 poni
1244 1517 1290 1558 in
1318 1517 1427 1558 libro
1448 1516 1638 1559 Sallustii
1667 1517 1817 1572 possit,

293 1601 372 1628 nec
410 1586 622 1641 discrepet
666 1589 740 1628 aut
777 1587 1005 1641 quicquam
1050 1586 1238 1627 decedat.
1300 1585 1396 1641 Ego
1439 1585 1604 1640 beatus,
1653 1585 1816 1639 hilaris,

294 1668 436 1708 sanus,
468 1654 634 1696 iuvenis
666 1654 848 1709 denique
885 1653 954 1707 fio,
994 1667 1121 1709 quom
1150 1655 1199 1695 tu
1227 1653 1290 1694 ita
1328 1652 1512 1707 proficis.
1572 1652 1653 1694 Est
1689 1667 1820 1708 grave

294 1721 403 1776 quod
442 1721 688 1776 postulabo,
735 1721 807 1763 sed
845 1722 956 1776 quod
995 1722 1086 1776 ipse
1123 1721 1342 1763 mihimet⁷
1381 1720 1591 1775 profuisse
1627 1720 1817 1774 memini,

292 1804 380 1830 non
410 1791 552 1843 potest
581 1791 684 1844 quin
717 1804 741 1830 a
774 1791 818 1830 te
848 1789 1038 1844 quoque3
1069 1789 1292 1843 postulem.
1354 1787 1428 1829 Bis
1459 1790 1502 1829 et
1537 1790 1605 1830 ter
1642 1788 1821 1830 eandem

295 1857 544 1911 convertito,
584 1857 647 1898 ita
676 1859 725 1898 ut
753 1859 801 1899 tu
830 1857 973 1898 fecisti
1008 1857 1055 1898 in
1092 1856 1167 1898 illa
1204 1870 1360 1912 gnome
1391 1855 1620 1897 brevicula.
1680 1855 1821 1912 Igitur

293 1925 507 1980 longiores
528 1939 693 1979 quoque
718 1924 750 1979 19
767 1924 833 1965 bis
856 1939 905 1966 ac
925 1926 992 1966 ter
1013 1926 1212 1966 converte
1233 1924 1413 1978 naviter,
1438 1923 1659 1965 audacter:
1692 1924 1820 1979 quod-

295 2007 473 2047 cumque
510 2007 636 2033 ausus
674 1992 820 2046 fueris,
869 2007 964 2033 cum
1008 1992 1091 2033 isto
1127 1992 1303 2047 ingenio
1340 1991 1547 2046 perficies.
1608 1991 1670 2032 At
1706 1991 1818 2033 enim

295 2075 390 2102 cum
420 2060 564 2102 labore
593 2060 853 2101 laboriosum
883 2060 1053 2115 quidem
1081 2060 1304 2114 negotium
1337 2059 1587 2113 concupisti,
1625 2059 1697 2100 sed
1727 2059 1819 2113 pul-

295 2143 413 2170 crum
443 2130 485 2169 et
514 2126 710 2185 re[ctum]
744 2129 787 2169 et
815 2128 963 2182 paucis
993 2127 1282 2182 impetratum.
1315 2126 1425 2168 De¹⁰
1447 2160 1455 2168 .
1481 2160 1489 2167 .
1521 2126 1567 2167 in
1597 2141 1664 2167 me
1694 2140 1739 2168 re
1766 2160 1774 2168 .
1809 2160 1817 2167 .

409 2269 425 2299 1
450 2263 586 2310 Incipit
610 2262 698 2299 Cod.
724 2262 809 2298 Vat.
835 2275 870 2308 p.
893 2266 965 2298 114.

407 2325 427 2355 2
453 2320 542 2355 Cod.
567 2325 684 2357 locum.

409 2383 428 2413 3
452 2377 552 2412 Nota
574 2385 692 2421 strepa
718 2388 800 2412 cum
825 2376 1034 2412 accusativo
1060 2387 1162 2419 casn,
1194 2374 1292 2410 unde
1317 2375 1556 2411 confirmatur
1581 2376 1820 2411 controversa
1842 2383 1846 2386 ”

294 2434 387 2469 Livii
402 2433 567 2479 syntaxis
575 2434 621 2477 II,
631 2438 685 2469 45.
705 2436 831 2468 Maius.
858 2432 1015 2468 Orellius
1031 2432 1172 2467 mavult
1185 2436 1344 2477 instrepit
1354 2432 1415 2467 vel
1427 2436 1609 2477 adstrepit.
1635 2432 1819 2477 Hauptius

296 2491 343 2526 ad
369 2481 471 2526 Ovi'd.
496 2489 657 2525 Halieut.
683 2502 719 2535 p.
735 2493 779 2524 40
804 2489 957 2534 corrigit
979 2494 1103 2534 saepit.
1141 2488 1235 2524 Vide
1260 2489 1419 2524 eundem
1442 2489 1481 2523 in
1497 2489 1633 2524 Herme
1655 2489 1671 2522 I
1688 2500 1725 2533 p.
1739 2493 1794 2524 33.

407 2552 428 2581 4
454 2546 542 2582 Cod.
567 2558 621 2591 pr.
648 2558 696 2580 m.
723 2554 786 2581 est.

409 2607 429 2638 5
454 2602 593 2638 Codex:
619 2607 825 2639 carissimae.

409 2663 428 2693 6
454 2658 593 2694 Codex:
615 2664 712 2704 petii
760 2659 929 2695 Correxit
953 2659 1178 2705 Schopenus.

410 2720 427 2750 7
455 2714 594 2750 Codex.
620 2718 698 2750 mihi
720 2723 763 2751 et.

409 2773 429 2804 8
455 2769 593 2805 Codex:
621 2776 785 2817 quodque.

410 2830 429 2860 9
454 2825 628 2870 Sequitur
652 2826 739 2862 Cod.
765 2827 849 2863 Vat
875 2841 925 2874 p.
933 2833 1008 2873 113,
1033 2839 1128 2875 quae
1152 2829 1234 2865 tota
1256 2828 1364 2875 nigra,
1388 2828 1454 2864 est

389 2886 430 2918 10
453 2882 495 2916 In
520 2883 757 2927 sequentibus
780 2884 920 2919 lacunis
944 2885 1045 2921 haud
1068 2886 1186 2921 multa
1208 2886 1324 2922 verba
1346 2885 1546 2931 perierunt.
