1968 3158
465 156 531 192 AD
555 156 603 192 M.
624 154 881 192 CAESAREM
906 154 968 190 ET
996 152 1197 190 INVICEM
1221 152 1366 190 LIBER
1390 151 1432 189 V.
1667 152 1722 194 93

180 287 262 328 μην
293 274 337 315 et
380 271 773 315 nudiustertianum
804 271 942 314 loetun
977 283 1258 313 communem.
1291 267 1397 311 Heri
1425 269 1565 310 totum
1609 266 1723 308 diem

179 342 228 385 in
257 341 414 384 itinere
446 340 720 383 adtrivimus:
762 339 887 382 hodie
918 338 1095 381 difficile
1123 341 1202 393 est,
1235 340 1284 379 ut
1315 338 1486 393 praeter
1517 334 1723 391 vesperti-

180 423 283 452 nam
312 410 486 462 γνώμην
518 409 746 465 quicquam
777 407 849 463 agi
879 406 1027 463 possit.
1088 407 1239 461 Nocte,
1273 405 1430 462 inquis,
1470 403 1723 460 tamlonga

181 477 372 520 dormis?
421 477 481 520 Et
511 477 695 519 dormire
725 475 897 532 quidem
928 489 1117 530 possum,
1150 489 1252 517 nam
1283 489 1376 516 sum
1407 473 1533 516 multi
1564 472 1722 527 somni3

181 546 255 590 sed
285 548 458 589 tantum
488 545 664 602 frigoris
695 546 762 587 est
797 544 845 586 in
883 542 1079 585 eubiculo
1119 557 1228 598 meo,
1268 545 1316 584 ut
1353 557 1506 584 manus
1545 542 1615 584 vix
1654 556 1723 583 ex-

183 614 267 657 seri
288 614 437 670 possit.
490 613 572 656 Sed
604 627 650 655 re
672 627 771 655 vera
800 611 876 653 illa
905 626 973 653 res
1004 611 1190 653 maxime
1220 610 1327 652 mihi
1358 611 1549 652 animum
1582 625 1607 652 a
1637 612 1723 652 stu-

182 683 264 725 diis
292 682 469 739 depulit,
502 681 628 737 quod,
661 680 762 723 dum
792 679 974 722 nimium
995 679 1164 722 litteras
1186 691 1294 734 amo,
1327 679 1408 720 tibi
1428 679 1724 721 incommodus

183 753 289 807 aput
325 750 551 793 Porcium¹
587 749 667 804 fui,
709 750 757 790 ut
795 763 862 790 res
899 748 1100 790 ostendit.
1162 747 1313 803 Itaque
1361 746 1531 789 valeant
1575 761 1724 789 omnes

181 817 353 861 Porcii²
390 819 433 860 et
469 817 627 859 Tullii3
667 818 711 859 et
741 815 895 872 Crispi,
938 816 1039 858 dum
1063 818 1123 858 *tu
1162 815 1318 871 valeas,
1365 818 1409 858 et
1446 817 1488 857 te
1525 815 1592 857 vel
1631 815 1724 857 sine

181 886 304 929 libris
341 886 513 928 firmum
549 887 698 927 tamen
734 884 915 927 videam.
975 884 1085 926 Vale
1122 884 1402 940 praecipuum
1440 898 1582 926 meum
1620 898 1724 940 gau-

183 955 313 1010 dium,
344 955 554 1010 magister
583 952 840 996 dulcissime.
901 953 1088 995 Domina
1126 967 1222 995 mea
1250 954 1295 994 te
1326 952 1498 995 salutat.
1553 954 1726 1005 Γνώμας

182 1025 271 1066 tres
302 1024 346 1065 et
374 1022 489 1065 locos
521 1036 766 1065 communes
796 1021 933 1064 mitte.

837 1129 1060 1169 emendavi.

635 1254 716 1294 AD
750 1253 1061 1295 CAESAREM
1091 1254 1200 1294 LIB.
1231 1254 1283 1294 V.

745 1343 804 1386 M.
835 1326 1170 1387 PRONTONIS

643 1426 723 1467 AD
754 1426 1106 1466 ANTONINUM
1135 1426 1253 1465 IMP.

799 1503 862 1538 ET
887 1502 1103 1538 INVICEM.

871 1575 979 1616 LIB.
1009 1575 1044 1614 Ι.

401 1926 491 1969 AD
530 1891 1514 1970 ANTONINUMIMPERATOREM

863 2029 1047 2065 INDEX.

187 2109 390 2156 ⁴Magistro
413 2119 509 2145 meo,
558 2109 714 2145 Bonum.
974 2109 1096 2145 Minus
1118 2108 1219 2145 valui
1242 2109 1294 2144 mi
1317 2120 1416 2155 mag.

188 2165 275 2202 Seni
299 2166 396 2212 huic,
420 2166 463 2202 ut
484 2167 548 2202 tu⁵
572 2167 709 2213 appell.
977 2166 1015 2202 Si
1039 2167 1232 2203 ambulare
1256 2167 1342 2202 iam.

188 2223 276 2259 Vidi
299 2224 441 2270 pullosss
464 2224 550 2260 tuos
575 2224 686 2270 quod.
975 2224 1125 2259 Festino
1151 2224 1203 2259 mi
1225 2223 1416 2270 magister.

188 2280 275 2315 Vidi
298 2280 393 2316 filios
415 2291 528 2316 meos.
974 2281 1060 2316 Non
1085 2281 1250 2317 reticebo
1276 2280 1375 2326 quid.

114 2360 118 2365 -
189 2337 286 2373 Ante
312 2339 460 2383 gestum
483 2339 579 2384 post.
975 2338 1056 2384 Ego
1080 2338 1133 2374 mi
1155 2338 1367 2384 magisteffl.

308 2491 324 2520 1
352 2485 493 2520 Codex:
515 2493 662 2531 portum,
687 2486 752 2522 sed
775 2486 924 2522 videtur
948 2486 1188 2523 emendatum
1215 2490 1381 2522 Porcium.
1432 2489 1557 2522 Maius.
1594 2501 1597 2503 ’

305 2546 325 2577 2
351 2541 440 2577 Cod.
466 2554 523 2587 pr.
549 2554 596 2578 m.
623 2546 740 2582 Porci.

268 2594 277 2606 ¹
305 2603 326 2635 3
355 2602 496 2634 Tullilet.
547 2600 592 2634 ef.
617 2599 656 2634 in
681 2599 805 2635 Indice
829 2599 947 2645 Epist.
975 2604 1028 2637 37.

304 2660 326 2691 4
349 2655 485 2702 Incipit
509 2655 598 2691 Cod.
624 2655 709 2692 Vat.
735 2668 771 2702 p.
791 2661 845 2693 83.

306 2716 326 2747 5
352 2711 441 2748 Cod.
467 2712 580 2748 infra:
607 2720 642 2748 et
664 2719 700 2748 ut
725 2721 794 2751 tua.

306 2773 327 2804 6
352 2768 440 2805 Cod.
466 2769 580 2805 infra:
603 2775 759 2815 pullulas.

249 2875 252 2880 Ι
307 2830 325 2862 7
351 2825 486 2862 Plenus
516 2828 571 2863 est
601 2827 661 2862 hic
686 2827 814 2871 index,
850 2836 938 2863 nam
968 2827 1135 2873 sequitur
1165 2826 1203 2863 in
1234 2827 1365 2864 eadem
1395 2828 1536 2875 pagina
1567 2831 1727 2877 epistula

190 2879 323 2931 prim'a.
366 2885 491 2920 Maius.
