1968 3158
246 164 301 207 98
528 163 576 198 M.
597 162 822 198 CORNELII
845 161 1122 198 FRONTONIS
1146 162 1487 200 EPISTULARUM

247 291 492 332 comparare
546 275 680 330 malo,
740 290 795 317 ne
847 276 1090 318 viventibus
1145 279 1481 332 compararem13
1548 277 1772 333 quisquam

244 346 412 387 illorum
456 344 523 385 his
572 343 902 398 figurationibus
947 344 1152 398 uteretur,
1205 358 1312 398 quae
1362 343 1514 386 Graeci
1553 345 1772 387 schemata

244 411 431 454 vocant?
488 410 555 452 Ne
591 410 762 466 longius
793 413 999 466 repetam,
1038 411 1106 453 vel
1136 412 1329 466 proximo
1360 413 1526 467 senatu,
1567 427 1663 455 cum
1693 412 1771 468 Cy-

245 481 487 521 zicenorum
536 491 712 534 gravem
763 480 960 520 6311831112
1010 493 1375 534 commemorares,
1425 481 1489 521 ita
1537 480 1773 522 orationem

243 550 363 589 tuam
393 547 604 602 figurasti,
637 561 764 602 quam
794 547 978 602 figuram
998 547 1283 600 παράλειψιν3
1315 547 1548 602 appellant,
1580 549 1630 589 ut
1652 561 1772 602 prae-

242 615 449 657 tereundo
478 616 625 656 tamen
655 614 816 656 diceres
848 617 891 656 et
912 615 1090 657 dicendo
1113 616 1260 659 tamen
1281 615 1537 669 praeterires
1548 623 1577 657 ²³.
1616 615 1669 657 In
1689 608 1792 670 quo'

243 683 379 724 multa
416 682 540 724 simu]
579 681 793 723 laudanda
831 684 953 724 sunt:
990 683 1176 738 primum
1205 682 1286 724 hoc
1316 684 1359 724 te
1398 683 1640 724 doctissime
1678 696 1772 737 per-

243 751 430 806 spexisse
460 750 670 792 sociorum
700 764 851 805 graves
883 765 1108 792 aerumnas
1138 765 1226 792 non
1255 752 1463 805 perpetua
1492 764 1631 805 neque
1653 751 1772 792 16613

244 821 318 860 aut
362 818 527 873 prolixa
568 818 760 859 oratione
802 812 1144 873 exaggerandas,
1191 818 1443 860 indicandas
1488 820 1634 859 tamen
1679 831 1771 859 esse

242 886 477 941 inpensius,
510 887 559 927 ut
579 885 700 941 digni
722 887 895 927 senatus
916 885 1207 927 misericordia
1237 887 1279 927 et
1310 885 1467 927 auxilio
1503 885 1771 940 viderentur3

244 955 396 996 deinde
426 954 488 995 ita
517 953 705 995 breviter
734 966 832 1001 rem
855 967 1026 995 omnem
1063 955 1191 1008 atque
1227 954 1290 994 ita
1319 952 1458 994 valide
1489 953 1679 995 elocutus
1710 967 1769 1007 es,

240 1024 289 1063 ut
318 1021 586 1077 paucissimis
616 1021 756 1062 verbis
792 1021 949 1075 omnia,
990 1035 1097 1075 quae
1134 1035 1202 1062 res
1240 1021 1459 1075 posceret,
1502 1020 1770 1062 contineren-

241 1092 332 1132 tur:
371 1091 420 1131 ut
449 1103 538 1131 non
568 1089 684 1130 ocius
716 1090 791 1130 aut
819 1087 1113 1130 vehementius
1132 1090 1259 1145 ‚terra
1288 1088 1436 1130 urbem
1466 1087 1612 1129 illam⁴
1642 1102 1769 1142 quam

241 1158 407 1198 animos
438 1156 703 1197 audientium
732 1157 807 1197 tua
837 1156 973 1197 oratio
998 1156 1190 1198 moverit.
1229 1154 1397 1211 Ecquid
1427 1155 1655 1211 adgnoscis
1684 1154 1769 1200 for—

241 1239 355 1266 mam
378 1224 411 1281 15
432 1223 700 1266 861116111136ὃ
736 1222 975 1264 tullianae?
1027 1225 1108 1278 „ut
1143 1237 1232 1265 non
1271 1224 1387 1265 ocius
1426 1225 1500 1264 aut
1545 1222 1769 1265 vehemen-

240 1293 326 1334 tius
356 1294 471 1334 terra
499 1291 650 1333 urbem
678 1290 811 1345 illam,
849 1305 976 1346 quam
1016 1290 1180 1332 animos
1219 1291 1484 1332 audientium
1520 1292 1595 1332 1113
1632 1291 1768 1332 013110

240 1360 466 1402 moverit.“
525 1358 586 1400 Ut
614 1358 792 1414 quisque
823 1372 964 1400 amore
995 1359 1238 1414 quempiam
1269 1358 1434 1413 deperit
1445 1358 1475 1412 ⁷,
1517 1359 1606 1400 eius
1638 1358 1768 1400 etiam

240 1427 440 1469 nevolos8
486 1426 687 1467 saviatur.
750 1425 832 1468 Sed
880 1425 987 1467 mihi
1033 1426 1168 1480 crede,
1219 1425 1528 1480 amplissimum
1570 1428 1613 1467 16
1655 1425 1767 1467 131119

239 1496 387 1536 1611616
416 1494 462 1535 111
485 1493 728 1549 eloquentia
747 1492 946 1548 locum¹⁰,
979 1493 1180 1548 brevique
1209 1508 1421 1535 summum
1443 1493 1532 1535 eius
1565 1507 1767 1535 cacumen

241 1562 469 1616 aditurum,
501 1561 826 1616 locuturumque
855 1561 955 1603 inde
985 1561 1208 1602 nobiscum
1229 1561 1393 1602 deloco
1424 1561 1654 1616 superiore,
1686 1575 1768 1603 nec

239 1629 409 1671 tantulo
447 1629 683 1683 superiore,
725 1630 886 1683 quanto
929 1631 1068 1670 rostra
1110 1628 1203 1670 foro
1249 1629 1292 1669 61
1329 1628 1500 1670 comitio
1538 1628 1768 1670 excelsiora

240 1699 354 1751 sunt,
387 1697 460 1738 sed
491 1698 652 1751 quanto
683 1695 854 1738 altiores
886 1698 1114 1738 antemnae
1153 1698 1255 1737 sunt
1284 1710 1410 1751 prora
1441 1695 1507 1738 vel
1536 1696 1679 1751 potius
1701 1710 1767 1738 ca-

239 1765 373 1806 rinab.
424 1763 659 1819 Praecipue
690 1765 833 1805 autem
863 1764 1028 1819 gaudeo
1057 1766 1101 1806 te
1133 1764 1261 1805 verba
1289 1778 1378 1805 non
1408 1763 1533 1805 obvia
1563 1763 1764 1819 arripere,

240 1833 312 1874 sed
340 1831 502 1887 optima
532 1845 747 1886 quaerere.
779 1830 873 1873 Hoc
904 1832 1019 1873 enim
1050 1831 1204 1873 distatc
1235 1845 1423 1873 summus
1454 1833 1597 1873 orator
1627 1846 1652 1873 a
1680 1846 1766 1873 me-

352 1934 375 1957 a
399 1925 443 1957 In
467 1925 634 1967 margine:
670 1921 910 1965 Paralemsis‚
951 1922 993 1956 ut
1027 1922 1300 1966 praetereundo
1337 1921 1501 1957 dicamus
1537 1922 1575 1956 et
1611 1920 1766 1956 dicendo

238 1980 527 2024 praetereamus.

352 2036 376 2070 b
403 2038 447 2070 In
470 2038 634 2079 margine:
659 2034 883 2069 Locuturum
907 2033 953 2068 de
976 2034 1057 2068 1060
1083 2034 1271 2080 superiore
1290 2035 1470 2078 quantum
1486 2034 1607 2069 rostra
1623 2035 1703 2069 foro
1729 2035 1767 2069 et

240 2091 389 2126 comitio
415 2091 571 2126 celsiora
595 2091 690 2134 sunt,
716 2091 895 2135 quantum
919 2089 1068 2125 altiores
1093 2091 1290 2125 antemnae
1313 2101 1427 2135 prora
1450 2090 1510 2124 vel
1535 2090 1679 2125 carinis.

353 2159 372 2182 6
396 2150 440 2182 In
463 2151 629 2191 margine:
653 2146 734 2181 Hoc
758 2145 855 2180 enim
880 2153 942 2182 cet.
970 2149 1175 2182 oblitterata.

355 2243 372 2272 1
398 2237 542 2273 Malim:
569 2250 768 2282 comparem.
809 2239 936 2272 Maius.

353 2299 373 2330 2
397 2294 515 2330 Maius
539 2293 668 2328 laudat
691 2293 906 2328 Reimarum
930 2293 978 2328 ad
1001 2292 1158 2328 Dionem
1181 2292 1289 2337 LXX,
1305 2296 1337 2328 4.
1380 2292 1593 2338 Schopenus
1618 2293 1762 2329 scribit:

236 2365 372 2397 yravem
396 2364 517 2386 casum.

353 2412 374 2443 3
400 2406 452 2443 Cf.
478 2407 584 2442 Dem.
609 2406 754 2442 Phaler.
783 2407 828 2442 de
851 2407 950 2442 Eloc.
978 2409 1055 2441 276.

352 2467 374 2498 4
397 2463 467 2498 Hic
489 2463 607 2498 Maius
630 2462 831 2498 Aristidem
854 2463 993 2498 laudat.

354 2525 374 2555 5
398 2518 532 2564 Incipit
556 2519 643 2554 Cod.
670 2519 755 2555 Vat.
780 2532 817 2565 p.
837 2523 891 2554 81.

351 2579 371 2610 6
397 2575 536 2611 Codex:
561 2579 704 2619 sentire,
729 2575 794 2610 sed
819 2575 862 2610 cf.
881 2586 957 2610 var.
976 2575 1059 2610 1661.
1078 2575 1190 2620 paulo
1208 2586 1330 2620 supra.
1355 2575 1440 2610 Non
1458 2574 1624 2611 dubitavi
1641 2587 1762 2611 emen·

240 2632 426 2667 dationem
442 2632 480 2666 in
495 2633 639 2666 textum
653 2631 829 2676 recipere.
848 2631 897 2665 Et
912 2642 1008 2666 nunc
1024 2631 1133 2666 video
1149 2631 1204 2666 ita
1218 2631 1294 2666 iam
1308 2631 1506 2666 correxisse
1515 2630 1759 2676 Schopenum.

353 2693 371 2723 7
398 2688 537 2723 Codex:
563 2692 707 2728 dederit,
732 2687 797 2722 sed
819 2687 858 2722 in
881 2688 1049 2732 margine
1075 2692 1219 2732 deperit.
1268 2690 1394 2722 Maius.

351 2748 371 2778 8
396 2744 454 2779 Ita
478 2745 555 2779 sine
580 2744 811 2789 diphthongo
835 2744 895 2779 hic
920 2745 958 2778 et
980 2743 1017 2778 in
1042 2743 1220 2789 margine.
1270 2746 1395 2779 Maius.

351 2804 371 2835 9
399 2800 538 2835 Codex:
565 2805 638 2835 lam.

331 2860 373 2891 10
398 2855 538 2890 Codex:
564 2861 756 2900 locumtene,
781 2857 845 2891 sed
871 2856 997 2892 statim
1023 2868 1114 2891 corr.
