1968 3158
704 154 767 190 DE
798 153 954 191 FERIIS
981 153 1303 190 ALSIENSIBUS.
1691 154 1776 198 225

184 260 189 262 ’
234 268 499 312 maritimum
530 271 573 311 et
602 269 892 347 voluptarium
930 270 1085 323 locum,
1119 271 1182 324 et,
1223 270 1272 311 ut
1302 269 1364 311 ait
1401 268 1594 324 Plautus,
1636 268 1775 311 locum

235 336 466 379 lubricum¹
503 338 734 415 delegisse,
768 338 853 380 nisi
881 340 929 380 ut
949 338 1060 380 bene
1081 337 1261 380 haberes
1282 337 1439 393 genio²
1468 337 1616 394 utique
1647 336 1777 381 verbo

234 405 378 448 vetere
408 406 574 449 faceres
605 407 751 450 animo
782 405 942 462 volup?

348 474 468 525 Qua³
506 475 668 518 malum
706 474 867 530 volup?
926 474 1062 516 Immo
1101 475 1134 516 si
1175 473 1410 516 dimidiatis
1449 474 1590 517 verbis
1629 489 1775 517 verum

235 542 462 585 dicendum
494 546 580 598 est,
613 543 713 586 ubi⁴
744 544 791 584 tu
823 542 967 584 animo
996 542 1162 584 faceres
1191 542 1296 599 vigil
1328 542 1518 598 (vigilias
1553 542 1670 600 dico)
1702 546 1778 586 aut

235 612 283 652 ut
326 611 492 653 faceres
537 612 636 654 labo
678 613 753 653 aut
797 612 846 652 ut
889 610 1053 653 faceres
1092 611 1202 653 mole
1247 611 1435 667 (labores
1480 612 1524 653 et
1558 611 1776 654 molestias

235 679 363 735 dieo).
426 679 491 721 Tu
527 694 732 735 umquam
771 678 933 734 volup‘?
977 678 1147 733 volpem
1185 679 1356 721 facilius
1395 679 1489 734 quis
1527 679 1607 721 tibi
1647 694 1775 736 quam

234 747 499 803 voluptatem
540 747 848 790 conciliaverit.
910 746 1005 801 Dic,
1045 762 1118 789 oro
1148 750 1205 802 te,
1247 747 1407 801 Marce,
1448 747 1664 790 idcircone
1703 748 1778 790 Al-

233 815 345 856 sium
375 816 538 871 petisti,
570 817 620 858 ut
649 816 695 858 in
726 817 957 871 prospectu
987 815 1118 857 maris
1150 814 1380 871 esurires?
1402 815 1544 865 Quid?
1584 818 1633 857 tu
1664 816 1776 858 Lorii

233 884 276 924 te
306 882 422 926 fame
461 886 505 925 et
541 884 613 926 siti
652 885 696 926 et
732 883 922 939 negotiis
962 883 1142 939 agendis
1181 883 1388 939 adfligere
1424 883 1667 939 nequibas?
1725 884 1777 926 In

234 951 430 1006 apopsilf‘
464 985 744 994 .......
777 951 1050 994 iucundiores
1080 951 1161 993 tibi
1201 965 1292 993 esse
1323 951 1536 993 videntur.
1598 952 1777 994 Memini

233 1033 301 1060 me
333 1019 388 1061 ad
421 1018 525 1079 [vos]
562 1054 571 1062 .
608 1053 617 1062 .
653 1053 663 1063 .
695 1034 850 1076 pueros
880 1014 927 1062 in
958 1019 1126 1062 balneis
1149 1033 1240 1061 esse
1274 1053 1282 1061 .
1310 1053 1318 1061 .
1348 1019 1562 1061 >rescribas
1596 1053 1605 1062 .
1631 1053 1640 1061 .
1671 1020 1779 1062 liber

282 1089 478 1131 .tenon
511 1122 520 1130 .
557 1122 565 1130 .
598 1103 676 1144 per
709 1122 717 1130 .
754 1121 764 1131 .
797 1088 891 1144 quis
925 1121 935 1130 .
971 1120 980 1129 .
1012 1087 1136 1129 favor
1169 1120 1178 1130 .
1215 1121 1223 1129 .
1256 1101 1312 1129 ne
1345 1120 1354 1128 .
1390 1120 1399 1128 .
1432 1087 1535 1129 beat
1566 1089 1776 1144 ..gravi

281 1188 290 1197 .
351 1155 498 1198 Mare⁶
527 1157 668 1212 ipsum
700 1158 843 1211 aiunt,
885 1156 959 1198 ubi
997 1156 1220 1198 alcedonia
1261 1155 1364 1211 sint,
1403 1155 1497 1197 fieri
1534 1156 1775 1198 feriatum7.

234 1223 307 1265 An
346 1223 492 1266 alcedo
533 1239 630 1267 cum
667 1225 796 1280 pullis
836 1225 923 1267 suis
958 1223 1194 1279 tranquillo
1225 1224 1312 1265 otio
1343 1223 1517 1280 dignior
1547 1225 1612 1266 est
1649 1239 1775 1279 quam

231 1293 280 1333 tu
320 1307 417 1334 cum
453 1293 540 1334 tuis
580 1293 759 1335 liberis?
791 1327 800 1335 .
836 1327 844 1335 .
881 1293 890 1335 .’
926 1325 1292 1335 .........
1305 1292 1321 1318 8
1359 1293 1517 1334 veteres
1555 1298 1775 1346 tyrannos

346 1360 408 1402 At
438 1362 554 1403 enim
593 1375 660 1403 res
699 1361 828 1436 plane
859 1361 946 1403 iam
984 1360 1196 1416 postulat3
1233 1374 1339 1401 num
1379 1358 1635 1417 [studium]?
1672 1375 1776 1401 num

234 1427 456 1471 laborem?
493 1444 599 1471 num
632 1463 867 1472 ......
878 1430 894 1457 ⁹
953 1428 1058 1479 Quis
1100 1443 1224 1470 arcus
1266 1430 1474 1483 perpetuo
1503 1427 1777 1470 intenditus‘?

233 1511 342 1551 quae
372 1497 478 1539 fides
509 1500 716 1553 perpetuo
738 1498 888 1539 sono¹⁰
911 1497 1087 1539 strictae
1118 1495 1252 1538 sunt?
1285 1494 1426 1553 [Oculi
1451 1495 1693 1551 ¹¹conjugio
1727 1529 1735 1537 .
1763 1529 1772 1538 .

234 1563 408 1622 durant]
442 1565 515 1620 qui
536 1580 623 1607 uno
644 1565 792 1607 obnixi
822 1565 977 1607 obtutu
1007 1564 1271 1607 interissent.
1312 1563 1490 1618 Hortus,
1522 1564 1593 1618 qui
1627 1563 1775 1605 crebro

234 1633 456 1688 pangitur,
489 1647 569 1688 ope
600 1633 820 1690 stercoris!
837 1632 868 1659 ¹²
889 1633 1072 1689 indiget,
1105 1632 1261 1674 herbas
1278 1632 1310 1658 ¹³
1333 1634 1376 1673 et
1395 1631 1618 1673 holuscula
1647 1631 1774 1673 nihili

233 1702 461 1760 procreat:
505 1701 724 1743 frumento
770 1715 870 1743 vero
909 1703 952 1742 et
989 1700 1135 1742 solidis
1173 1699 1372 1755 frugibus
1409 1699 1626 1754 requietus
1672 1713 1777 1755 ager

351 1909 366 1940 1
394 1908 575 1941 Lubricum
601 1910 705 1941 locum
729 1905 767 1940 in
791 1904 972 1940 Plautinis
997 1915 1092 1949 quae
1118 1905 1266 1940 exstant
1290 1913 1363 1938 non
1389 1903 1570 1949 reperias,
1603 1904 1668 1939 sed
1693 1908 1772 1940 Iibe-

233 1975 306 1997 rum
329 1962 442 1998 Poen.
468 1963 495 1997 I.
525 1967 554 1998 1.
581 1966 635 1997 49.
662 1962 724 1999 III.⁴
758 1967 789 1998 3.
815 1966 871 1998 43.
921 1964 1135 2000 ΝίεόηΙιτ-ἰιιε,

347 2023 367 2054 2
392 2019 431 2054 L.
457 2023 605 2064 genium.
654 2022 889 2063 Heindorfius.

349 2080 370 2111 3
394 2076 454 2111 Ita
479 2074 615 2112 Codex.

347 2136 369 2167 4
392 2132 433 2167 L.
459 2137 520 2168 uti.
571 2135 804 2178 Heindorfi'us.
1007 2180 1015 2182 s

347 2192 368 2224 5
393 2188 570 2234 Sequitur
594 2189 683 2225 Ood.
709 2202 746 2235 p.
773 2193 850 2234 223,
876 2189 977 2225 cuius
1000 2189 1104 2235 prior
1128 2189 1301 2224 columna
1324 2199 1474 2235 prorsus
1499 2187 1627 2234 periit;
1660 2188 1698 2223 in
1723 2189 1772 2224 al-

232 2245 316 2281 tera
338 2256 460 2291 pauca
484 2247 693 2292 supersunt.
720 2266 766 2273 —
788 2246 948 2292 Apopsis
974 2247 1031 2282 est
1055 2246 1207 2292 specula
1230 2246 1357 2292 regiae
1381 2245 1502 2281 villae.
1555 2247 1681 2282 Maius.

350 2305 371 2336 6
397 2301 592 2338 Sententia
614 2303 692 2348 legi
714 2302 840 2348 potuit
864 2315 934 2349 ope
959 2303 1155 2349 marginis,
1189 2303 1252 2338 ubi
1276 2302 1408 2338 itidem
1432 2302 1566 2339 exstat.

349 2362 368 2393 7
393 2358 512 2394 Maius
537 2359 680 2394 confert
703 2359 914 2395 Varronem
936 2360 976 2396 L.
1003 2360 1043 2395 L.
1068 2359 1148 2395 VII.
1177 2351 1220 2395 88
1244 2359 1344 2394 Mull.

348 2417 369 2448 8
393 2414 590 2450 Perierunt
614 2416 777 2460 quinque
801 2427 940 2452 versus.

348 2475 368 2505 9
395 2470 602 2516 Supersunt
624 2483 752 2507 versus
777 2472 990 2517 duodecim,
1018 2473 1081 2516 qui
1105 2472 1183 2507 sine
1209 2483 1280 2517 ope
1305 2470 1485 2516 marginis
1509 2470 1585 2515 legi
1608 2482 1682 2505 non
1706 2482 1770 2516 po-

237 2528 401 2562 tuerunt.
416 2548 461 2552 —-
483 2527 542 2563 F.:
568 2529 674 2563 tuum
697 2532 852 2572 studium,
877 2529 984 2563 tuum
1008 2531 1166 2571 laborem,
1191 2530 1299 2563 tuum
1321 2531 1488 2563 sudorem.
1533 2529 1768 2571 Heindorfius.

328 2588 370 2619 10
395 2583 536 2619 Codex:
561 2598 633 2623 suo.
680 2584 730 2619 Et
753 2584 808 2619 ita
826 2583 1156 2630 Philibert-Soupe
1180 2597 1216 2629 p.
1243 2588 1298 2619 90.
1450 2587 1453 2590 ’

327 2644 367 2675 11
393 2640 524 2686 Margo
549 2640 696 2676 videtur
718 2640 858 2676 habere
883 2653 975 2676 ocos.
1017 2639 1125 2683 Quod
1148 2639 1297 2686 legitur,
1322 2639 1426 2674 vides
1451 2639 1654 2674 absurdum
1678 2651 1767 2676 esse.

236 2696 485 2742 Heindorfius,
511 2697 574 2743 qui
599 2697 793 2733 nesciebat
822 2697 916 2732 haec
945 2696 1070 2732 omnia
1098 2696 1136 2732 in
1161 2695 1329 2741 margine
1358 2695 1484 2731 lacera
1507 2695 1599 2741 legi,
1630 2696 1769 2747 aliquid

232 2754 338 2791 ludit.

326 2816 368 2847 12
392 2810 528 2857 Incipit
552 2810 640 2846 Cod.
666 2822 703 2857 p.
729 2814 807 2846 226.

328 2873 368 2904 13
393 2867 642 2904 Heindorfius:
668 2868 710 2902 ut
733 2870 856 2903 herbas
879 2887 923 2892 ——
947 2868 1130 2912 procreet.

282 2948 417 2972 FRONT.
439 2948 486 2971 ΕΤ
503 2948 638 2972 ΔΠΒΕΕ.
657 2948 778 2971 ΕΡῙΒΤ.
1446 2924 1498 2966 15
