1968 3158
756 139 946 175 PROLEG
952 139 1089 176 OMEN
1090 140 1132 177 A.
1638 155 1721 186 XXI

179 271 292 299 esse:
345 255 501 311 probat
548 255 745 298 Caesaris
784 255 1010 299 consilium
1051 258 1095 299 et
1133 258 1360 312 profitetur
1411 272 1455 300 se
1498 258 1722 314 ignorasse

179 324 373 368 Caesaris
411 326 455 366 et
485 323 669 374 Herodis
708 324 958 367 amicitiam.
1020 324 1172 381 Itaque
1211 327 1358 382 rogat,
1399 329 1544 370 utrum
1582 328 1628 370 in
1667 328 1720 371 iis

177 408 358 450 quoque,
392 407 500 449 quae
532 407 662 435 causa
690 393 894 449 postulet,
929 394 1086 436 Caesar
1107 394 1268 451 aliquid
1290 395 1598 439 remittendum
1628 412 1720 439 esse

178 464 372 517 censeat,
425 477 480 504 an
525 461 715 504 sufficiat
751 461 862 504 nihil
906 462 1063 504 dixisse
1102 465 1224 506 extra
1262 480 1447 508 causam.
1518 465 1721 522 Superior

177 530 360 588 epistola
400 530 486 573 fuit
530 530 670 586 prima
708 530 901 573 omnium
933 530 1128 574 Caesaris
1174 533 1228 574 ad
1267 533 1555 591 Frontonem,
1605 537 1719 578 certe

176 615 265 643 non
294 599 455 642 multae
484 598 820 654 interciderunt,
868 614 970 641 nam
1000 602 1129 656 rogat
1158 601 1387 657 magister,
1432 605 1501 658 ut,
1550 604 1585 646 si
1617 604 1719 660 quid

176 668 411 725 discipulus
442 667 495 710 ad
526 683 571 710 se
602 668 778 723 scribat,
813 683 890 710 sua
919 682 1053 710 manu
1083 668 1258 711 scribat.
1320 670 1433 713 lllud
1463 686 1630 728 quoque
1660 673 1719 715 vi-

176 738 250 781 des
280 737 545 780 Frontonem
574 737 792 793 ignorare,
825 739 990 793 quanta
1021 739 1135 780 esset
1164 737 1279 780 inter
1310 738 1537 782 Caesarem
1569 743 1614 784 et
1634 741 1720 784 He-

175 807 322 849 rodem
351 805 643 861 necessituc103
684 806 797 861 quod
834 807 986 868 postea
1022 806 1227 862 ignorare
1257 822 1347 850 non
1376 810 1540 864 potuit,
1580 825 1720 866 neque

175 875 408 932 ignoravit,
442 889 539 917 cum
561 874 775 917 Graecam
805 874 1033 930 epistolam
1054 875 1108 917 ad
1129 874 1346 918 Herodem
1373 877 1593 920 scriberet.
1637 878 1719 921 Sed

173 946 273 1001 post
302 958 464 1000 paucas
494 943 623 986 horas
654 943 818 986 Fronto
849 943 1082 985 summittit
1111 944 1236 1000 epist.
1267 944 1347 1000 III,
1370 945 1412 1000 4,
1444 946 1491 987 in
1522 962 1606 1002 qua
1637 947 1719 989 dis-

175 1012 366 1070 cipulum
395 1014 544 1055 monet
573 1014 620 1055 ut
650 1011 902 1068 prospiciat,
936 1027 992 1054 ne
1024 1011 1098 1054 alii
1128 1012 1308 1069 faciant,
1341 1014 1454 1070 quod
1474 1015 1567 1070 ipse
1598 1016 1719 1070 polli-

175 1082 285 1125 citus
324 1083 390 1125 est
427 1097 472 1124 se
510 1096 599 1124 11011
637 1081 868 1143 facturum.
940 1080 1114 1123 Gratias
1161 1082 1256 1138 agit
1294 1082 1453 1126 Caesar
1497 1083 1544 1125 in
1593 1085 1717 1139 epist.

173 1151 253 1206 III,
291 1151 341 1207 5,
381 1151 494 1207 quod
531 1150 693 1193 Fronto
731 1149 958 1193 consilium
998 1151 1313 1207 comprobavit,
1358 1151 1484 1194 modo
1522 1168 1578 1195 ne
1617 1153 1719 1208 quid

174 1220 291 1262 dicat
333 1220 447 1275 quod
493 1219 546 1262 ad
590 1219 782 1276 privatas
829 1234 925 1261 cum
966 1218 1139 1262 Herode
1184 1220 1437 1263 inimicitias
1482 1221 1716 1276 pertineat,

173 1289 319 1331 omnia
348 1288 607 1344 proferenda
637 1303 745 1345 quae
774 1289 830 1330 1η
853 1302 982 1331 causa
1017 1290 1133 1332 sunt.
1194 1288 1358 1332 Lacera
1389 1292 1454 1332 est
1484 1290 1717 1332 Frontonis

173 1357 356 1413 epistola
386 1357 465 1413 III,
499 1357 546 1412 6,
578 1357 626 1399 in
656 1372 740 1413 qua
770 1357 921 1400 itidem
951 1372 1091 1400 sermo
1120 1357 1206 1400 fuit
1236 1358 1287 1401 de
1318 1358 1403 1401 ista
1433 1358 1618 1402 Herodis
1651 1374 1717 1402 ac-

173 1427 408 1470 cusatione.
657 1443 662 1446 ’

286 1495 339 1538 Ι11
369 1494 566 1551 Epistola
586 1494 666 1550 III,
691 1496 714 1538 7
736 1494 899 1538 Fronto
930 1496 1152 1552 significat
1182 1496 1264 1539 sibi
1296 1496 1438 1539 dolere
1469 1496 1716 1540 brachium:

172 1564 319 1620 itaque
362 1563 597 1619 discipulus
634 1564 811 1607 interim
850 1566 1086 1621 occupatus
1125 1567 1190 1608 est
1227 1566 1274 1607 in
1313 1580 1362 1608 eo
1400 1566 1563 1621 studio,
1605 1567 1718 1621 quod

172 1632 382 1689 magister
411 1632 622 1688 imprimis
654 1634 994 1676 commendabat.
1048 1633 1118 1676 Ad
1147 1634 1401 1690 orationem,
1435 1650 1566 1690 quam
1596 1634 1716 1676 habi-

174 1695 296 1744 turus
327 1703 422 1744 erat
458 1702 505 1743 in
537 1703 712 1756 senatu,
753 1704 983 1758 acceperat
1015 1702 1163 1745 decem
1201 1703 1367 1747 εἰκόνα(
1404 1703 1473 1745 vel
1502 1703 1716 1759 imagines

173 1770 480 1826 expediendas3
520 1770 685 1813 scilicet
722 1770 770 1812 in
801 1773 892 1813 arte
923 1770 1139 1814 rhetorica
1170 1771 1378 1814 Frontoni
1410 1771 1522 1814 nihil
1553 1773 1618 1814 est
1649 1787 1716 1814 su-

172 1855 251 1895 pra
280 1839 395 1881 hanc
427 1841 564 1881 artem
593 1844 682 1883 τῶν
714 1838 909 1884 εἰκόνων.
968 1839 1131 1882 Verum
1160 1840 1207 1882 in
1239 1855 1326 1882 una
1356 1840 1511 1882 harum
1541 1840 1716 1884 Caesari

173 1923 240 1951 res
278 1923 368 1950 non
405 1908 642 1964 processit,
689 1908 836 1964 itaque
874 1910 1002 1965 rogat
1040 1909 1299 1965 magistrum
1336 1911 1386 1951 ut
1424 1924 1549 1965 opem
1585 1909 1712 1952 ferat.

172 1977 258 2019 Hic
286 1966 523 2033 imaginem
552 1977 865 2033 interpretatur
893 1978 941 2019 in
972 1977 1156 2033 epistola
1185 1977 1266 2033 III,
1299 1978 1346 2033 83
1378 1978 1603 2034 aptissima
1634 1978 1717 2021 erit

173 2045 226 2088 ad
256 2045 324 2087 Pii
360 2045 509 2088 laudes
548 2046 881 2102 praedicandas,
921 2047 1146 2101 praeterea
1185 2046 1305 2089 addit
1343 2047 1554 2103 quaedam
1594 2062 1715 2103 prae-

173 2116 299 2170 cepta
329 2129 381 2156 ex
412 2116 505 2156 arte
535 2114 774 2170 desumpta.

287 2181 445 2226 Statim
475 2183 670 2239 sequitur
700 2183 903 2238 epistola,
944 2198 1074 2239 quam
1114 2183 1216 2240 quia
1246 2184 1312 2227 bis
1343 2185 1391 2227 in
1423 2184 1578 2228 Codice
1609 2185 1715 2241 legi-

171 2254 244 2294 tur
272 2266 429 2307 nempe
459 2253 552 2294 tum
582 2251 654 2294 hic
683 2253 778 2294 tum
806 2252 923 2294 inter
945 2251 1134 2295 Graecas
1156 2253 1375 2309 epistolas,
1409 2254 1464 2296 ob
1486 2269 1715 2310 argumen-

170 2323 264 2363 tum
303 2319 436 2362 malui
480 2319 571 2362 illic
609 2320 810 2363 exhibere
857 2321 1022 2376 eritque
1060 2321 1206 2377 nobis,
1254 2337 1515 2378 quamquam
1547 2323 1714 2364 Latine

172 2389 357 2444 scripta,
390 2388 506 2431 inter
537 2387 725 2431 Graecas
757 2391 892 2431 sexta.
955 2389 1116 2432 Scribit
1147 2389 1306 2433 Caesar
1343 2391 1391 2432 in
1428 2390 1596 2432 Latinis
1627 2393 1721 2445 stu--

173 2457 254 2498 diis
291 2471 383 2499 rem
413 2457 495 2499 sibi
533 2472 622 2499 non
662 2458 839 2500 cessisse
870 2473 922 2500 ex
952 2460 1071 2513 vot03
1109 2458 1276 2514 itaque,
1309 2458 1527 2500 Frontone
1558 2459 1714 2514 impro-

172 2525 320 2580 bante,
354 2525 538 2567 contulit
565 2526 714 2568 tamen
745 2541 790 2568 se
821 2526 875 2569 ad
906 2526 1117 2569 Graecam
1147 2527 1438 2582 scriptionem.
1501 2526 1583 2569 Sed
1614 2527 1714 2582 quia

172 2594 264 2649 ipse
303 2593 486 2647 Fronto,
526 2593 629 2635 licet
666 2608 691 2635 a
722 2593 898 2636 Graecis
929 2595 1085 2637 litteris
1116 2594 1245 2650 paulo
1276 2595 1476 2650 alienior,
1516 2597 1621 2637 tunc
1652 2595 1712 2637 di-

174 2663 350 2704 cebatur
381 2661 542 2717 aliquid
573 2660 737 2704 Graece
769 2664 1055 2719 compegisse,
1096 2665 1224 2719 rogat
1254 2662 1411 2706 Caesar
1441 2665 1491 2705 ut
1519 2665 1610 2706 tam
1640 2664 1712 2706 ad-

173 2730 370 2772 mirabile
409 2745 516 2785 opus
555 2729 636 2772 sibi
674 2730 835 2773 mittat.
896 2731 964 2773 Ex
995 2731 1143 2773 eadem
1175 2731 1356 2789 epistola
1388 2731 1528 2773 efficio
1559 2731 1711 2775 Caesa-

173 2813 285 2854 rem,
327 2798 428 2840 dum
469 2798 576 2840 haec
615 2798 842 2854 scriberet,
884 2813 961 2854 per
990 2814 1149 2855 paucos
1180 2792 1350 2841 tanthm
1381 2814 1549 2842 menses
1579 2800 1711 2843 Fron-

172 2867 288 2910 tonis
319 2867 548 2923 disciplina
578 2882 703 2909 usum
732 2867 878 2910 fuisse.
