1968 3158
752 204 816 240 AD
841 203 1019 241 AMICOS
1044 205 1189 242 LIBER.
1214 206 1239 241 1.
1687 207 1763 249 181

447 329 537 374 xl.
598 330 779 375 Fronto
813 330 947 375 Velio
978 330 1128 375 1111Υοι
1164 329 1276 375 Seni
1311 328 1546 375 Salutem.

341 421 528 478 Figurae
566 421 774 464 orationis
812 424 914 464 sunt
944 436 1052 478 quae
1082 422 1266 465 maxime
1297 423 1535 466 orationem
1565 426 1762 467 omanta.

225 489 395 546 Duplex
427 492 570 532 autem
601 504 738 546 genus
769 491 835 532 est
864 490 1121 546 figurarum:
1153 493 1228 533 aut
1251 491 1366 533 enim
1387 491 1637 534 verborum²
1658 492 1765 548 figu-

227 571 300 601 rae
330 560 435 601 811111
464 560 540 601 aut
569 557 897 601 sententiarum.
958 557 1011 600 In
1041 558 1192 614 figuris
1224 559 1450 602 verborum
1481 562 1548 602 est
1577 562 1762 616 tropos³,

224 627 491 683 metaphora.
538 626 634 669 Hac
663 626 804 683 figura
834 640 935 669 usus
966 640 1073 681 sum,
1108 641 1203 669 cum
1234 627 1443 683 figuram⁴
1474 628 1562 670 dixi
1593 628 1644 671 de
1675 643 1764 672 cor-

224 709 348 752 pore,
381 696 428 738 in
458 710 542 752 quo
571 709 710 752 neque
740 695 933 737 sincerus
946 694 975 749 ⁵,
1016 709 1155 750 neque
1187 710 1299 751 aqua
1328 710 1450 751 pura,
1483 711 1621 752 neque
1652 696 1764 739 ullus

225 777 348 806 umor
385 763 593 818 liquidus,
636 762 710 805 sed
747 762 810 805 ita
848 764 898 804 ut
926 763 972 804 in
1003 762 1159 818 palude
1192 765 1394 819 corrupta
1423 764 1580 807 onmia.
1641 764 1762 815 Quod

224 833 367 874 autem
405 830 630 887 plerosque
676 830 821 887 [fugit]
839 832 855 857 ⁶
891 833 935 873 te
966 830 1185 873 hominem
1215 831 1511 875 vehementem
1527 866 1538 887 ‚
1585 835 1629 875 et
1667 846 1760 875 011111

223 899 420 942 doctrina
452 901 545 942 tum
575 899 711 942 multo
740 898 880 955 magis
910 901 1069 941 natura
1098 899 1287 941 validum
1319 900 1487 955 [scirem
1509 902 1638 957 artes]
1672 901 1762 943 61118

224 967 415 1011 modicae
449 1002 457 1010 .
492 967 529 1010 ,⁷
561 982 608 1010 as
639 967 765 1010 aliter
799 1000 1252 1009 ...........

401 1081 521 1125 XII.
584 1079 796 1138 (Aufidio
825 1080 1078 1125 Victorino
1111 1080 1297 1126 Genero
1330 1079 1587 1137 Salutem.)

337 1172 526 1216 Litteras
568 1173 707 1229 [qua]s
747 1172 919 1215 domine
952 1206 1761 1216 ...................

222 1244 287 1293 Di,
323 1246 487 1284 sirecte
512 1242 784 1297 {⁸meremur‚
817 1242 862 1283 et
880 1240 990 1283 1111111
1011 1240 1145 1283 filiam
1166 1242 1210 1282 et
1238 1240 1319 1282 tibi
1348 1255 1538 1295 uxorem,
1571 1243 1620 1283 ut
1648 1245 1763 1284 recte

223 1309 464 1365 proveniat,
496 1310 719 1364 favebunt,
753 1311 797 1351 et
822 1309 1033 1351 familiam
1053 1310 1248 1351 nostram
1277 1308 1423 1351 liberis
1454 1324 1504 1351 ac
1534 1309 1762 1365 nepotibus

222 1377 458 1434 augebunt,
492 1380 536 1421 et
566 1392 652 1434 eos,
687 1378 761 1434 qui
792 1392 843 1420 ex
873 1379 917 1420 te
947 1377 1087 1434 geniti
1118 1379 1221 1420 sunt
1251 1380 1474 1433 eruntque,
1507 1377 1571 1419 tui
1602 1378 1761 1420 similes

221 1446 521 1502 praestabunt.
587 1444 699 1489 Cum
738 1446 822 1488 isto
866 1445 1037 1502 quidem
1081 1445 1169 1488 sive
1212 1445 1438 1487 Victorino
1482 1447 1630 1487 nostro
1674 1446 1762 1488 sive

221 1513 466 1556 Frontone⁹
499 1514 740 1556 cotidianae
778 1513 885 1556 mihi
923 1513 1021 1556 lites
1060 1515 1103 1555 et
1132 1513 1274 1569 iurgia
1303 1513 1591 1556 intercedunt.
1651 1513 1762 1564 Qum

334 1639 358 1663 a
382 1629 426 1662 In
450 1631 616 1673 margine:
643 1626 700 1662 De
724 1626 852 1672 figuris
876 1626 973 1662 bene
998 1625 1200 1662 disseritur.

336 1735 353 1766 1
379 1729 449 1766 Hic
473 1731 531 1766 est
555 1740 668 1775 quem
691 1729 876 1765 memorat
899 1729 1047 1765 Marcus
1073 1729 1119 1764 de
1143 1728 1221 1764 reb.
1248 1728 1327 1764 XII.
1347 1733 1402 1772 273
1426 1729 1486 1764 vel
1509 1729 1539 1764 is
1565 1741 1675 1775 quem
1701 1740 1759 1765 oc-

221 1786 311 1823 cidit
342 1785 577 1823 Commodus.
628 1784 784 1832 Capitol.
821 1797 849 1821 0.
876 1789 908 1821 4.
949 1788 1077 1821 Maius.
1125 1784 1447 1831 Philibert-Soupe
1478 1798 1514 1831 p.
1540 1790 1584 1822 26
1616 1786 1759 1831 cogitat

220 1844 267 1879 de
283 1843 391 1888 Rufo,
408 1842 567 1879 Herodis
584 1842 782 1888 discipulo,
801 1853 912 1887 quem
929 1842 1114 1878 memorat
1130 1841 1375 1878 Philostratus
1392 1842 1690 1888 Vit.Sophist.II.
1703 1846 1754 1878 17.

333 1905 354 1936 2
379 1899 520 1936 Codex:
546 1902 693 1938 verbum.

333 1962 354 1993 3
380 1955 522 1992 Codex:
553 1964 684 2002 topros.
1150 2004 1152 2006 Ι

333 2017 355 2049 4
380 2012 610 2059 Schopenus:
631 2017 803 2063 paludem.
844 2012 1094 2049 Ecksteinius:
1120 2017 1284 2048 lacunam.

334 2075 355 2107 5
378 2069 622 2106 Niebuhrius:
649 2083 757 2116 neque
783 2069 933 2115 sanguis
956 2074 1121 2106 sincerus.

333 2131 354 2163 6
378 2126 614 2162 Heindorfius
639 2126 803 2163 coniicit:
837 2129 934 2170 Quod
956 2133 1066 2163 autem
1088 2131 1272 2172 plerosque
1300 2125 1473 2170 offendit,
1499 2126 1599 2170 quod
1623 2126 1698 2161 dixi
1724 2134 1756 2162 ιε

218 2188 379 2222 hominem
402 2187 641 2220 vehementem:
672 2197 744 2219 cum
768 2187 936 2226 doctrina,
962 2191 1027 2219 tum
1051 2189 1151 2220 multo
1175 2188 1281 2229 magis
1306 2190 1431 2219 natura
1455 2186 1599 2219 validum
1623 2187 1700 2219 dixi
1718 2209 1726 2218 .
1747 2211 1754 2218 .

334 2301 354 2333 7
379 2296 519 2344 Supple
544 2298 722 2342 quattuor
744 2297 899 2333 litteras.
943 2300 1070 2333 Maius.

333 2358 354 2391 8
378 2353 514 2400 Incipit
531 2353 619 2390 Cod.
638 2366 674 2399 p.
694 2358 771 2390 3⁶24.
807 2354 953 2390 Titulus
980 2355 1018 2390 et
1042 2353 1224 2400 epistolae
1248 2353 1394 2388 initium
1420 2364 1463 2388 ex
1488 2353 1608 2388 indice
1633 2355 1755 2389 sumta

221 2412 316 2447 sunt.
365 2410 552 2446 Videntur
583 2410 645 2446 hic
676 2410 802 2446 deesse
835 2411 930 2446 duae
960 2410 1141 2457 paginae,
1172 2410 1306 2454 quibus
1337 2410 1461 2446 Codex
1490 2409 1755 2445 Ambrosianus

220 2469 340 2513 caret,
370 2479 458 2503 nam
482 2466 623 2511 folium,
650 2467 752 2512 quod.
775 2470 997 2511 tractamus,
1023 2466 1256 2503 dimidiatum
1288 2467 1343 2502 est
1374 2468 1412 2502 et
1441 2465 1602 2512 paginae
1627 2471 1693 2502 309
1717 2468 1755 2502 ct

219 2530 286 2562 310
310 2536 384 2561 non
408 2524 636 2560 Frontonem
659 2523 811 2567 habent,
836 2523 891 2558 uti
916 2523 997 2568 quis
1021 2523 1237 2568 suspicetur,
1262 2523 1327 2558 sed
1345 2522 1504 2558 Gothiea
1527 2522 1751 2568 fragmenta.

221 2581 395 2618 Ceterum
426 2581 515 2616 satis
547 2580 701 2625 longam
738 2579 848 2615 fuisse
873 2579 976 2615 illam
1001 2580 1049 2615 ad
1072 2579 1219 2615 Velium
1248 2579 1385 2614 Rufum
1417 2578 1613 2624 epistolam
1643 2590 1752 2615 nemo

219 2638 426 2675 mirabitur.

334 2699 354 2731 9
378 2693 560 2739 Loquitur
590 2693 729 2728 Fronto
761 2692 807 2728 de
836 2691 1017 2728 Victorini
1048 2692 1178 2736 filiolo,
1215 2692 1278 2736 qui
1310 2691 1409 2738 apud
1439 2703 1478 2727 se
1510 2692 1751 2737 educabatur,

219 2752 267 2787 M.
294 2750 440 2786 Aufidio
465 2748 656 2785 Victorino
680 2749 885 2792 Frontone3
922 2749 984 2793 qui
1010 2748 1142 2784 deinde
1172 2750 1281 2795 pater
1310 2747 1396 2792 fuit,
1427 2749 1467 2783 ut
1496 2748 1671 2793 arbitror,
1699 2749 1749 2784 M.

219 2807 356 2844 Aufidii
372 2805 583 2850 Frontonis,
601 2805 702 2842 cuius
719 2805 862 2842 Pisauri
878 2807 1002 2842 exstat
1018 2806 1227 2852 sepulcrum
1244 2818 1327 2841 cum
1343 2805 1593 2852 inscriptione.
1624 2808 1750 2843 Maius.

219 2865 338 2900 Aliter
361 2862 596 2907 Niebuhrius‚
622 2873 734 2908 quem
758 2862 842 2899 vide
867 2862 915 2899 ad
939 2862 1145 2909 Epistolam
1170 2866 1213 2898 de
1239 2865 1372 2907 Nepote
1397 2865 1544 2899 Amisso.
1593 2861 1750 2909 Supplet

219 2920 469 2958 Heindorfius:
497 2919 780 2956 conservabunt
792 2919 830 2955 di
843 2919 932 2956 boni
946 2919 977 2955 si
990 2932 1169 2956 meremur.
1184 2947 1190 2954 .
1203 2947 1227 2955 ..
1259 2919 1420 2955 Deinde:
1446 2921 1484 2955 et
1497 2926 1531 2954 tec
1545 2926 1638 2955 recte
1648 2933 1746 2965 prov.
