1968 3158
442 735 569 790 (¹M.
602 735 1018 790 CORNELII
1061 734 1542 790 FRONTONIS

252 874 710 923 EPISTULARUM
745 874 833 922 AD
870 874 934 922 M.
962 872 1303 921 CAESAREM
1339 873 1421 920 ET
1459 873 1729 922 INVICEM

809 1008 1176 1066 LIBERI.)

220 1192 969 1202 ιιιιιιιιιιι

651 1285 694 1328 Ι.
736 1285 948 1343 (Caesari
981 1282 1077 1329 Suo
1106 1284 1327 1340 Fronto.)

334 1422 520 1431 ......
555 1389 751 1442 21111131311]
781 1389 919 1445 igitur
948 1389 1030 1449 tibi
1069 1390 1281 1444 quantum
1318 1389 1418 1444 pote
1458 1387 1617 1430 librum
1648 1388 1764 1430 hunc

218 1456 511 1514 descriptum2
547 1457 670 1513 Vale,
705 1457 877 1514 Caesar,
919 1459 962 1500 et
991 1458 1082 1500 ride
1115 1459 1158 1499 et
1185 1471 1357 1499 omnem
1386 1457 1520 1499 vitam
1550 1456 1691 1498 3laeta
1719 1471 1765 1499 re

217 1527 261 1567 et
290 1526 543 1581 parentibus
575 1527 750 1582 optimis
782 1528 825 1569 et
856 1527 1013 1569 eximio
1042 1519 1223 1582 ingenio
1253 1527 1328 1568 tuo
1357 1525 1515 1567 fruere.

290 1677 361 1742 11.
403 1698 466 1742 M.
490 1699 663 1744 Caesar
694 1699 998 1755 ⁴¹Imperator
1030 1697 1266 1743 Frontoni
1297 1697 1531 1752 Magistro
1562 1698 1680 1741 Meo.

333 1803 445 1853 Quid
477 1817 557 1859 ego
587 1804 671 1846 ista
701 1818 797 1845 mea
829 1803 1007 1845 fortuna
1046 1802 1152 1844 satis
1184 1801 1406 1855 dixerim5‚
1447 1801 1515 1843 vel
1554 1802 1764 1857 quomodo

217 1872 346 1913 istam
390 1873 695 1915 necessitatem
731 1887 873 1914 meam
910 1871 1183 1913 durissimam
1223 1870 1437 1925 condigne
1481 1870 1797 1913 incusavero‘?'

218 1955 326 1996 quae
356 1956 424 1982 me
455 1941 554 1984 istic
584 1942 646 1983 ita
677 1942 822 1983 animo
863 1941 991 1982 anxio
1028 1941 1237 1994 tantaque
1269 1938 1559 1980 sollicitudine
1589 1954 1765 1995 praepe—

218 2009 307 2051 dito
339 2009 567 2066 alligatum
598 2010 770 2065 attinet,
804 2024 943 2064 neque
974 2023 1042 2050 me
1076 2008 1206 2050 ‘⁵sinit
1238 2008 1291 2050 ad
1321 2022 1463 2050 meum
1485 2006 1762 2064 Frontonem,

218 2079 272 2120 ad
301 2093 442 2120 meam
472 2077 806 2134 pulcherrimam
845 2078 1036 2120 animam
1078 2077 1306 2128 confestim
1338 2091 1600 2132 percurrere,
1642 2084 1790 2133 prae?

218 2147 367 2189 sertim
397 2147 442 2189 in
475 2147 719 2189 huiusmodi
758 2147 847 2189 eius
886 2146 1132 2189 valetudine
1172 2160 1305 2201 prope
1345 2145 1567 2200 accedere,
1609 2161 1763 2188 manus

312 2312 329 2343 1
356 2307 643 2354 Inscriptionem
669 2306 839 2354 supplevi
865 2319 948 2343 cum
964 2306 1065 2342 Maio
1083 2306 1139 2343 ,ad
1162 2307 1324 2350 formam
1342 2306 1552 2341 ceterorum
1570 2306 1761 2342 librorum.

218 2365 336 2401 Periit
359 2364 502 2411 primus
529 2364 744 2409 quater-nim
769 2364 901 2410 incipit
926 2363 1120 2400 secundus.

311 2427 330 2457 2
357 2421 491 2484 Incipit
509 2421 598 2457 Cod.
617 2422 789 2457 Ambros.
817 2434 856 2484 p..
869 2426 924 2458 93.
961 2421 1226 2467 Imperfectam
1245 2420 1453 2466 epistolam,
1478 2431 1524 2455 ne
1549 2421 1587 2455 in
1606 2420 1763 2456 introitu

221 2478 345 2525 operis
373 2478 543 2514 ominosa
569 2479 678 2522 esset,
702 2479 822 2514 Maius
846 2478 885 2514 in
910 2478 1073 2514 editione
1098 2479 1270 2513 Romana
1295 2478 1495 2523 septimam
1520 2477 1617 2512 fecit

312 2541 332 2572 3
355 2535 476 2570 Maius
503 2534 745 2571 coniunctim:
772 2540 921 2577 laetare,
950 2547 1022 2581 ego
1048 2535 1162 2570 malui
1188 2533 1334 2569 divisim
1360 2534 1533 2569 scribere.

311 2597 333 2628 4
357 2592 484 2628 Verba
510 2595 708 2637 lmpeyaem
734 2595 903 2628 Frontoni
931 2592 970 2627 in
995 2591 1130 2627 Codice
1155 2603 1230 2627 non
1255 2590 1414 2636 tmplius
1440 2591 1635 2636 apparent.
1678 2592 1763 2628 Per-

218 2662 350 2697 peram
373 2649 492 2685 Maius
516 2649 626 2695 legit.
652 2663 725 2685 suo.

311 2713 331 2744 5
356 2706 591 2744 Heindorfius
617 2705 762 2742 scribit:
789 2710 874 2742 satis
899 2706 1023 2752 digne.
1062 2706 1295 2751 Schopenus:
1329 2707 1392 2747 Qui
1414 2718 1475 2750 eqo
1500 2709 1568 2741 ista
1591 2720 1665 2742 mea
1687 2710 1763 2752 for-

220 2772 302 2800 tuna
331 2769 418 2800 satis
448 2768 625 2801 doluerim.
673 2763 859 2810 Hauptius
889 2763 928 2798 in
951 2763 1234 2809 programmate
1258 2762 1371 2798 Acad.
1398 2762 1518 2797 Berol.
1537 2763 1638 2799 Aest.
1660 2768 1763 2801 1867:

222 2824 286 2865 Qui
309 2835 370 2868 eqo
395 2825 493 2857 istam
516 2835 621 2858 meam
642 2824 818 2866 fortunam
842 2825 928 2856 satis
952 2824 1108 2856 luxerint.

313 2883 332 2914 6
358 2879 400 2914 111
423 2882 505 2915 sinit
529 2879 688 2915 alterum
712 2882 725 2913 z·
750 2878 875 2924 script.
904 2890 1003 2924 supr.
1030 2877 1092 2912 lin.

1435 2934 1492 2978 1*
