1968 3158
454 171 520 209 AD
544 170 592 208 M.
614 169 872 208 CAESAREM
897 169 959 207 ET
985 167 1190 207 INVICEM
1213 167 1358 206 LIBER
1381 166 1425 204 V.
1659 166 1711 210 91

662 286 746 331 LI.
778 286 853 330 66.
894 285 1220 341 Rescriptum.

286 380 423 431 Quom
453 380 560 423 haec
591 380 753 422 scribas
784 378 904 434 mihi,
937 377 1159 439 magister,
1194 377 1318 419 credo
1348 376 1566 432 intellegis
1601 375 1714 418 solli-

174 450 429 493 citissimum
460 464 527 491 me
565 450 665 491 vota
694 448 837 490 facere
876 461 953 502 pro
984 446 1123 488 salute
1159 448 1255 488 tua:
1289 445 1423 500 cuius,
1464 445 1528 487 dis
1566 445 1714 487 iuvan-

170 518 302 574 tibus,
336 518 420 561 cito
453 518 669 574 compotes
700 515 871 559 erimus.
926 513 1035 556 Vale
1065 515 1124 557 mi
1155 514 1363 570 magister
1392 513 1712 556 iucundissime.

636 629 747 674 LII.
779 629 855 673 67.
900 628 1105 673 Domino
1131 628 1248 672 Meo.

285 724 446 767 Decem
474 725 600 765 tanta
630 724 673 764 te
705 735 812 763 amo.
860 720 1014 762 Filiam
1044 721 1165 762 tuam
1194 719 1294 762 vidi.
1344 719 1505 762 Videor
1534 720 1640 762 mihi
1670 722 1714 762 te

172 793 298 835 simul
330 794 374 835 et
405 791 657 833 Faustinam
687 789 879 831 infantes
911 789 1088 830 vidisse:
1129 790 1303 830 tantum
1334 788 1435 830 boni
1468 803 1519 830 ex
1556 789 1713 830 utrius-

171 875 254 917 que
283 861 402 903 voltu
433 861 497 902 est
540 858 839 902 commixtum!
901 857 1062 899 Decem
1091 858 1216 899 tanta
1246 859 1290 900 te
1321 872 1428 900 amo.
1490 856 1599 900 Vale
1630 857 1714 899 Do-

171 929 287 973 mine
318 927 575 971 dulcissime.
636 926 868 970 Dominam
899 925 1051 968 saluta.

610 1040 750 1085 LIII.
781 1040 858 1085 68.
898 1039 1131 1095 Magistro
1156 1039 1275 1085 Meo.

285 1135 345 1178 Et
373 1150 451 1177 nos
494 1134 704 1188 Gratiam,
753 1133 865 1189 quod
909 1132 973 1174 tui
1020 1131 1171 1174 similis
1210 1134 1289 1187 est,
1335 1132 1476 1188 magis
1508 1147 1713 1174 amamus.

172 1204 316 1247 Facile
348 1218 452 1260 ergo
481 1202 789 1259 intellegimus,
816 1202 845 1257 11
869 1202 1034 1256 quanta
1067 1201 1181 1256 apud
1211 1203 1254 1243 te
1287 1201 1344 1242 sit
1364 1200 1521 1243 filiolae
1542 1202 1715 1243 nostrae

173 1272 445 1315 conciliatrix
476 1271 711 1314 similitudo
742 1270 965 1326 utriusque
996 1270 1155 1312 nostri:
1196 1271 1239 1311 et
1269 1270 1445 1311 omnino
1475 1269 1588 1324 quod
1619 1284 1716 1310 eam

171 1340 340 1396 vidisti,
373 1342 439 1383 est
468 1340 704 1382 iucundum
734 1338 854 1381 mjhi.
886 1338 996 1381 Vale
1026 1337 1086 1380 mi
1116 1337 1278 1394 optime
1309 1338 1532 1394 magister.

630 1453 756 1498 LIV.
787 1453 863 1498 69.
903 1453 1108 1498 Domino
1138 1451 1256 1496 Meo.

285 1547 457 1590 Tertius
495 1548 560 1588 est
597 1546 701 1600 dies,
748 1545 861 1601 quod
897 1559 978 1600 per
1009 1547 1182 1587 noctem
1219 1558 1384 1586 morsus
1414 1543 1578 1586 ventris
1619 1558 1716 1585 cum

173 1616 382 1672 profluvio
412 1615 566 1671 patior.
599 1614 695 1657 Hac
724 1628 824 1656 vero
842 1616 982 1674 =nocte
1012 1614 1075 1655 ita
1106 1629 1201 1655 sum
1230 1615 1425 1667 vexatus,
1459 1612 1522 1654 uti
1544 1612 1715 1667 prodire

172 1699 260 1727 non
291 1684 519 1740 potuerim,
554 1683 627 1725 sed
657 1682 815 1725 lectulo
846 1697 913 1724 me
943 1684 1128 1724 teneam.
1162 1682 1318 1724 Medici
1350 1681 1533 1724 suadent
1559 1680 1715 1722 balneo

172 1753 249 1795 uti.
302 1752 461 1794 Multos
500 1751 684 1794 nataleis
701 1753 811 1810 ⁴tuos
842 1753 890 1793 ut
922 1751 1158 1806 eelebres2‚
1193 1766 1217 1792 a
1249 1751 1313 1793 dis
1346 1751 1572 1806 praecatus
1603 1764 1711 1791 sum.

173 1820 282 1864 Vale
313 1820 510 1863 Domine.
571 1820 803 1862 Dominam
834 1819 986 1862 saluta.

622 1934 719 1978 LV.
754 1934 828 1978 70.
877 1934 1110 1990 Magistro
1140 1934 1258 1978 Meo.

287 2027 353 2069 Tu
399 2041 564 2083 quoque
610 2026 844 2082 intellegis,
891 2026 950 2067 mi
995 2026 1219 2082 Magister,
1268 2026 1370 2081 quid
1411 2040 1492 2082 ego
1530 2040 1608 2081 pro
1646 2027 1731 2068 me‘

173 2098 337 2151 optem:
369 2110 523 2137 sanum
561 2097 605 2137 et
641 2094 831 2137 validum
876 2097 919 2137 te
958 2095 1175 2151 deinceps,
1221 2096 1264 2136 et
1302 2094 1418 2136 hunc
1449 2094 1562 2136 diem
1591 2096 1714 2136 tuum

174 2164 423 2206 sollemnem
454 2165 497 2205 et
528 2165 692 2206 ceteros
730 2162 797 2205 vel
831 2163 1058 2205 nobiscum
1094 2163 1162 2205 vel
1201 2162 1325 2205 nobis
1366 2163 1514 2218 utique
1553 2162 1714 2219 securis

173 2247 249 2289 pro
285 2234 328 2275 te
374 2247 503 2288 quam
540 2231 793 2274 diutissime·
821 2231 1050 2274 celebrare.
1113 2232 1313 2274 Ceterum
1354 2245 1434 2287 ego
1476 2231 1714 2274 coniectavi

173 2301 322 2343 statim
350 2300 485 2343 fuisse
516 2300 722 2342 eiusmodi
753 2300 914 2356 aliquid
944 2315 1072 2356 quam
1111 2300 1165 2342 ob
1196 2314 1286 2341 rem
1325 2301 1369 2341 te
1400 2315 1489 2341 non
1520 2300 1711 2342 viderim.

126 2369 130 2374 “
173 2369 245 2424 Et,
278 2369 314 2411 si
345 2368 572 2410 dicendum
593 2370 671 2423 est,
704 2368 892 2411 delector
911 2369 1054 2424 potius
1084 2369 1216 2410 talem
1246 2368 1505 2424 quaerellam
1543 2383 1714 2423 corpus-

176 2436 258 2479 culi
303 2451 431 2491 quam
474 2436 639 2478 dolores
682 2437 845 2492 aliquos
890 2437 1197 2479 intercessisse.
1259 2436 1488 2478 Praeterea
1525 2437 1576 2478 de
1618 2450 1712 2491 pro-

174 2505 302 2547 fluvio
332 2505 416 2546 isto
446 2504 556 2546 bene
587 2519 731 2559 spero:
770 2520 873 2546 nam
908 2505 989 2547 etsi
1019 2520 1136 2547 nuno
1166 2507 1209 2546 te
1241 2504 1506 2558 exhauserit,
1548 2506 1710 2558 tamen,

175 2573 239 2615 dis
280 2571 536 2626 volentibus,
587 2571 752 2614 confido
802 2572 1030 2614 salubriter
1079 2575 1232 2628 sponte
1277 2573 1525 2628 provenisse
1570 2571 1713 2613 alvum

174 2641 252 2683 tibi
292 2655 423 2683 verno
460 2642 674 2705 tempore,
719 2654 847 2695 quom
884 2640 985 2682 ³alii
1023 2640 1217 2682 consulto
1258 2643 1432 2682 movent
1469 2642 1513 2682 et
1552 2639 1712 2683 machi-

292 2793 308 2825 1
335 2789 377 2824 In
402 2789 570 2824 extrema
593 2799 699 2833 pag:
727 2787 767 2830 Q.
795 2788 855 2824 XI.
905 2788 1041 2836 Incipit
1066 2788 1154 2824 Cod.
1180 2787 1265 2824 Vat.
1293 2800 1328 2837 p.
1350 2792 1424 2825 110.

289 2851 309 2882 2
335 2845 423 2881 Cod.
449 2857 505 2891 pr.
532 2857 580 2881 m.
606 2850 748 2882 celeres.

289 2908 310 2940 3
334 2903 392 2939 An
417 2906 540 2949 quam?
