1968 3158
268 162 347 205 152
547 162 594 196 M.
615 161 840 196 CORNELII
865 161 1141 197 FRONTONIS
1165 162 1505 203 EPISTULARUM

265 277 350 317 tius
389 274 663 330 significabo:
707 275 759 317 τὰ
796 274 919 318 καινὰ
957 275 1043 318 καὶ1
1086 276 1309 329 ’παράδοξα
1354 281 1441 322 τῶν
1487 279 1791 333 ἐνθυμημάτων

266 344 300 385 εἰ
331 377 339 384 .
371 377 378 384 .
414 357 465 385 πε
496 342 604 384 αὐτὰ
643 345 731 385 πλα
761 357 941 386 ...πε
971 336 1167 396 ηπιθανι.
1198 378 1207 386 .
1245 346 1292 387 δὲ
1328 346 1378 388 τὸ
1417 361 1457 389 οι
1487 381 1495 389 .
1527 381 1535 389 .
1565 349 1603 390 τὶ
1641 350 1707 391 καὶ
1737 382 1787 391 ..

267 425 369 453 πειπ
407 444 415 452 .
453 443 461 451 .
523 409 618 451 Hoc
657 424 737 465 ego
776 411 894 452 anim
932 444 940 452 .
976 444 985 453 .
1026 411 1156 453 nullis
1194 413 1434 455 rationibus
1474 447 1482 456 .
1517 448 1525 455 .
1572 414 1705 457 libera
1738 449 1746 458 .
1782 450 1790 459 .

266 492 399 519 rarus.
456 468 579 519 'Scias
618 476 753 532 igitur
788 478 835 519 in
872 477 954 520 hoc
990 493 1074 520 uno
1106 480 1327 522 eximiam2
1359 481 1644 537 eloquentiam
1673 485 1792 526 tuam

269 545 476 587 claudere.

378 612 533 654 Moneo
562 613 697 668 igitur
727 613 920 656 Marcum
957 630 1098 657 meum
1139 616 1269 658 etiam
1308 618 1436 672 atque
1475 618 1624 674 etiam,
1665 620 1708 661 et
1745 622 1794 661 ut

266 680 510 722 meminerit
568 680 763 736 obsecro,
825 682 1203 739 quotienscumque
1264 685 1524 738 ἀδοξότερον
1579 686 1793 739 ἐνθύμημα

266 748 408 790 animo
455 748 722 803 conceperis,
770 749 913 791 volvas
952 749 1080 805 illud,
1124 751 1284 794 temet3
1329 753 1506 795 diversis
1551 756 1595 795 et
1638 755 1793 796 variis⁴

264 815 594 871 figurationibus
624 831 766 858 verses
803 818 1071 872 temptesque
1102 821 1144 860 et
1173 820 1313 861 verbis
1344 821 1579 875 splendidis
1610 822 1790 864 excolas.

264 883 377 925 Nam
408 898 515 938 quae
545 898 657 925 nova
687 886 730 926 et
758 884 984 939 inopinata
1014 885 1286 928 audientibus
1316 890 1429 943 sunt,
1462 890 1698 944 periculum
1729 892 1794 932 est

265 951 347 992 nisi
378 953 588 993 ornentur
618 953 661 993 et
690 952 951 1007 figurentur,
984 967 1039 995 ne
1068 954 1295 996 videantur
1326 956 1550 1014 absurdab3

380 1018 532 1061 Cetera
570 1020 714 1061 omnia
751 1020 830 1061 tibi
867 1021 913 1062 in
952 1020 1195 1076 eloquentia
1233 1022 1420 1077 expolita
1456 1025 1524 1065 et⁵
1563 1025 1794 1080 explanata

265 1087 379 1127 sunt.
441 1085 533 1128 Scis
564 1087 693 1129 verba
723 1102 947 1142 quaerere,
987 1088 1069 1130 scis
1099 1091 1269 1144 reperta
1299 1093 1414 1133 recte
1446 1091 1671 1147 collocare,
1711 1093 1794 1135 scis

267 1153 448 1195 colorem
479 1154 693 1196 sincerum
722 1156 948 1197 vetustatis
973 1156 1252 1212 appingerec,
1287 1159 1513 1205 sententiis
1535 1162 1677 1202 autem
1698 1153 1809 1216 gra-i

264 1221 448 1263 vissimis
488 1224 539 1263 -et
575 1221 888 1264 honestissimis
927 1223 1170 1266 abundav-6⁶
1203 1259 1431 1268 ......
1469 1231 1540 1278 pri
1548 1228 1657 1283 1⁷ma
1697 1243 1794 1276 con-

265 1289 369 1330 ditio
401 1291 485 1344 est,
525 1290 598 1331 ubi
629 1291 759 1332 semel
789 1291 1060 1346 patefactae8
1091 1295 1213 1347 sunt,
1252 1293 1380 1335 facile
1419 1295 1617 1350 cognitae
1647 1296 1795 1352 negless

265 1358 440 1412 guntur.
502 1356 729 1400 Contemni
768 1359 949 1414 denique
987 1361 1029 1400 et
1065 1360 1183 1402 nullo
1220 1359 1382 1403 honore
1413 1376 1504 1404 esse
1534 1362 1706 1405 rhetora
1735 1364 1794 1406 vi-

202 1446 206 1450 ·
266 1425 385 1479 deas,
417 1425 630 1467 observari
654 1428 797 1468 autem
819 1429 862 1468 et
882 1427 1078 1468 omnibus
1100 1428 1252 1470 officiis
1280 1429 1359 1470 coli
1390 1429 1650 1486 dialecticos,
1684 1432 1794 1482 quod

265 1492 311 1534 in
343 1507 487 1534 eorum
517 1493 755 1535 rationibus
786 1509 952 1550 semper
972 1495 1140 1537 obscuri
1167 1496 1326 1551 aliquid
1347 1498 1390 1538 et
1408 1498 1589 1539 tortuosi
1599 1498 1630 1553 9,
1664 1513 1794 1554 eoque

267 1560 317 1602 fit
353 1562 402 1601 ut
438 1561 647 1616 magistro
686 1561 919 1618 discipulus
950 1562 1127 1604 haereat
1157 1577 1324 1618 semper
1364 1565 1407 1606 et
1436 1564 1663 1621 inserviat,
1703 1567 1794 1608 vin-

268 1629 360 1669 ctus
390 1628 608 1683 perpetuis
640 1629 892 1684 quibusdam
923 1630 1105 1672 vinculis
1137 1631 1384 1673 attineatur.

380 1696 507 1738 Dicet
545 1696 717 1752 aliquis:
768 1699 815 1739 tu
852 1697 988 1753 igitur
1024 1700 1196 1754 praeter
1228 1701 1390 1741 ceteros
1420 1700 1624 1743 nimirum
1654 1703 1794 1744 verbis

266 1763 458 1818 pulchris
489 1766 532 1805 et
560 1764 804 1820 insignibus
835 1766 968 1808 uteris
982 1766 1046 1807 1⁰?
1077 1781 1156 1822 ego
1177 1767 1306 1808 immo
1327 1767 1571 1823 volgaribus
1602 1771 1646 1811 et
1675 1770 1794 1812 obso-

266 1831 378 1873 letis.
440 1830 550 1880 Quid
586 1832 721 1887 igitur
760 1833 855 1875 est?
898 1833 983 1875 nisi
1020 1834 1135 1876 istud
1174 1834 1326 1876 saltem
1364 1836 1538 1891 scirem,
1577 1837 1793 1880 deteriori-

266 1898 346 1939 bus
377 1900 529 1941 uterer.

380 2035 403 2058 a
428 2026 472 2059 In
495 2026 662 2068 margine:
695 2022 798 2058 Mire.

379 2079 404 2114 b
430 2083 475 2115 In
497 2083 664 2124 margine:
689 2079 785 2115 Nam
810 2101 853 2105 —
878 2081 1049 2116 absurda.

382 2147 401 2171 e
427 2139 470 2171 In
493 2140 664 2181 maryine:
690 2135 860 2172 Colorem
884 2157 927 2162 —
952 2137 1167 2182 appingere.

382 2242 399 2273 1
425 2237 544 2273 Maius
573 2238 667 2283 legit
695 2238 752 2273 τά.
803 2237 938 2277 Cetera
967 2249 1082 2283 usque
1111 2239 1159 2274 ad
1184 2244 1342 2276 claudere
1367 2240 1542 2276 interiere
1567 2253 1686 2287 neque
1712 2255 1794 2279 con<

270 2295 367 2330 ferre
390 2294 505 2330 licuit.

381 2355 401 2386 2
428 2350 516 2386 Cod.
542 2350 689 2387 videtur
714 2355 866 2386 eaeimum.
901 2350 1070 2386 Correxit
1094 2351 1329 2388 Niebuhrius.

380 2412 400 2444 3
424 2407 482 2442 An
512 2412 625 2443 volvas
655 2411 738 2443 illud
767 2415 882 2446 tecum.
930 2411 1163 2451 Heindorfius.
1212 2408 1409 2454 Ingeniose
1445 2410 1643 2457 Hauptius:
1684 2417 1794 2449 volvas

267 2469 350 2501 illud
371 2463 574 2500 identidem
600 2464 638 2499 et
662 2468 816 2500 diversis.

381 2524 403 2556 4
425 2521 508 2556 Duo
532 2520 715 2556 vocabula
738 2532 797 2566 ap.
823 2520 962 2556 Maium
987 2521 1166 2557 excidere.

383 2580 403 2612 5
427 2576 587 2622 Reliqua
611 2576 778 2612 evanida.
828 2576 1051 2613 Niebuhrius
1075 2577 1216 2614 mavult
1241 2583 1416 2624 expedita.

382 2638 402 2668 6
426 2633 699 2669 Berolinenses:
724 2633 892 2669 abundas.

382 2694 400 2725 7
426 2690 560 2735 Incipit
584 2688 672 2725 Cod.
697 2701 733 2735 p.
760 2694 837 2725 376.

382 2750 402 2780 8
426 2746 485 2781 Ita
510 2745 649 2789 Codex3
674 2746 783 2781 aliter
806 2746 935 2782 Maius.

382 2807 402 2836 9
427 2802 541 2837 Deest
567 2802 605 2836 in
631 2801 765 2838 Codice
788 2807 844 2840 sit.
989 2805 992 2808 ’

362 2863 403 2894 10
429 2858 569 2893 Codex:
595 2866 700 2900 utens,
728 2859 828 2903 quod
854 2859 1013 2895 correxit
1037 2859 1270 2896 Niebuhrius.
