1968 3158
300 197 379 238 198
580 194 628 228 Μ.
657 191 883 227 CORNELII
907 189 1184 226 FRONTONIS
1209 189 1550 226 EPISTULARUM

415 306 641 348 'Proculus
676 339 684 347 .
720 339 728 347 .
766 339 773 346 .
811 339 818 346 .
860 304 1083 347 biennium
1120 303 1226 346 illud
1259 336 1268 345 .
1304 337 1311 345 .
1348 337 1356 346 .
1391 305 1456 345 est
1488 337 1496 345 .
1534 337 1543 345 .
1579 337 1588 346 .
1649 305 1826 348 Homini

296 376 386 417 seni
417 373 621 429 quidquid
651 373 826 415 interim
856 371 926 426 fit,
958 372 1079 413 iuxta
1109 371 1285 415 interim
1314 371 1389 413 fita
1414 404 1421 413 .
1452 403 1460 412 .
1497 404 1505 412 .
1542 404 1551 412 .
1583 372 1827 428 inrogatam

298 478 305 485 .
332 477 340 484 .
363 441 611 498 praevertit,
645 442 687 482 et
715 439 1057 496 quinquennium
1077 439 1124 481 in
1153 439 1390 481 triennium
1420 439 1591 481 artavit.
1633 439 1828 496 Namque

295 526 437 552 meum
470 543 478 551 .
515 543 523 551 .
555 509 646 551 lata
676 511 768 550 tum
801 542 809 549 .
846 541 854 549 .
894 507 1016 548 nium
1044 507 1151 549 facit
1184 540 1192 549 .
1230 540 1237 548 .
1281 507 1514 549 clementer
1546 539 1826 550 .......

299 608 1064 620 ..................
1091 574 1671 617 ............l²
1727 574 1829 617 Pro-

299 646 417 687 culus
448 645 575 687 homo
604 645 784 700 ingenio
816 644 869 685 ad
901 645 1043 685 cetera
1072 643 1249 685 remisso
1281 645 1323 684 et
1344 642 1541 696 delicato,
1575 643 1649 685 sed
1668 643 1716 685 in
1736 657 1831 686 sen-

297 714 446 756 tentiis
478 712 673 755 dicundis
696 712 749 753 ad
778 711 1043 767 puniendum
1073 711 1201 766 paulo
1228 710 1523 752 vehementior
1543 712 1587 752 et
1605 710 1833 753 infestior3

301 816 309 824 .
346 815 354 823 .
387 781 586 836 Plerique
625 780 678 821 ad
710 781 850 821 cetera
896 777 1132 836 [111111111111]4
1170 779 1291 833 serii,
1331 779 1378 820 in
1415 778 1642 820 iudicando
1674 770 1831 821 'tamen

299 850 440 905 asperi
468 849 610 902 fuere3
654 847 819 890 scilicet
856 849 906 888 ut
934 861 1012 902 pro
1042 846 1270 888 severitate
1306 861 1389 902 qua
1433 845 1650 901 carebant,
1683 847 1831 899 obten-

301 917 395 958 sui⁵
425 916 650 958 saevitiam
681 915 1010 957 subornarentb.

412 984 643 1026 Biennium
672 985 777 1025 tunc
808 983 858 1024 de
892 1016 900 1023 .
937 1015 945 1024 .
979 982 1100 1024 dem6
1120 982 1351 1025 Volumnio
1371 996 1449 1037 pro
1473 1015 1620 1024 .....
1645 997 1762 1026 nunc
1786 1016 1796 1025 .
1822 1016 1832 1025 .

302 1053 522 1095 biennium
551 1052 641 1093 vita
675 1085 683 1092 .
719 1085 728 1092 .
763 1050 833 1106 agi
866 1065 890 1091 a
920 1053 964 1092 te
998 1084 1006 1091 .
1033 1083 1041 1092 .
1074 1051 1192 1093 entia
1221 1052 1297 1092 tua
1327 1065 1394 1092 res
1429 1084 1436 1092 .
1472 1084 1480 1092 .
1514 1050 1683 1093 detrahi
1712 1052 1835 1107 igno-

280 1120 479 1170 -miniam
508 1119 675 1162 iusseris
705 1118 949 1174 nepotibus7
988 1132 1147 1174 genere
1189 1117 1416 1172 adfinibus,
1450 1118 1604 1173 quibus
1637 1152 1646 1160 .
1680 1152 1689 1160 .
1722 1119 1835 1161 domi

302 1190 471 1243 patrem
514 1188 749 1239 fratresque
787 1186 1022 1241 reliqueris.
1086 1185 1271 1228 Subleva
1317 1186 1608 1228 misericordia
1652 1188 1837 1229 aetatem

303 1256 559 1298 familiarem
596 1254 675 1296 tibi
715 1256 758 1296 et
787 1254 1016 1309 patritamc
1051 1287 1059 1295 .
1096 1287 1103 1294 .
1141 1287 1148 1295 .
1185 1254 1221 1295 .⁷
1261 1256 1304 1295 et
1341 1253 1576 1307 rescindas}
1592 1254 1607 1280 S
1641 1287 1649 1295 .
1686 1287 1694 1295 .
1725 1254 1835 1296 inte-

243 1335 247 1341 ·
302 1324 384 1365 rim
414 1323 478 1365 dis
512 1357 519 1365 .
555 1356 563 1364 .
596 1322 663 1364 vel
692 1324 811 1364 tutus
842 1336 939 1363 eum
969 1321 1005 1363 si
1034 1321 1124 1363 vita
1157 1355 1165 1362 .
1203 1355 1211 1362 .
1244 1321 1310 1363 vel
1340 1321 1459 1363 dolor
1492 1355 1500 1363 .
1536 1353 1545 1363 .
1579 1322 1750 1364 decurio
1780 1355 1790 1363 .
1824 1354 1835 1364 .

305 1406 384 1446 pec
417 1424 425 1432 .
463 1424 470 1432 .
503 1392 589 1443 te.
625 1424 633 1431 .
666 1404 808 1432 meum
848 1422 857 1431 .
893 1423 900 1430 .
940 1390 988 1431 in
1024 1391 1067 1431 te
1101 1422 1109 1430 .
1147 1423 1155 1431 .
1187 1391 1311 1431 neret
1350 1389 1421 1444 qui
1466 1423 1473 1431 .
1511 1423 1518 1430 .
1552 1404 1722 1431 omnem
1759 1404 1837 1444 pro

305 1459 586 1501 decurionatu
622 1458 851 1512 pecuniam
887 1457 1173 1512 dependisset.
1236 1456 1327 1499 Sibi
1361 1490 1369 1498 .
1406 1490 1414 1498 .
1447 1457 1493 1498 ni
1525 1492 1532 1499 .
1567 1491 1575 1499 .
1607 1472 1733 1511 num,
1777 1457 1838 1498 fili

353 1560 360 1567 .
394 1526 440 1567 ni
473 1560 480 1567 .
515 1540 623 1581 quae
657 1560 664 1567 .
700 1559 708 1567 .
745 1559 752 1566 .
785 1525 955 1580 quidem
984 1525 1200 1567 interdum
1230 1524 1365 1566 facias
1399 1558 1407 1566 .
1443 1559 1450 1566 .
1487 1526 1525 1565 .⁹

421 1696 442 1719 a
468 1687 511 1718 In
535 1687 703 1729 margine:
729 1683 879 1719 Homini
901 1683 1006 1718 iuxta
1028 1683 1179 1718 interim
1203 1683 1255 1718 fit.
1779 1718 1783 1721 ,

419 1740 443 1774 b
470 1743 514 1775 ln
538 1743 706 1785 margine:
732 1739 903 1785 Plerique
928 1739 977 1775 ad
1002 1740 1127 1774 cetera
1149 1738 1298 1774 UISINI
1325 1768 1330 1774 .
1360 1768 1366 1774 .
1393 1739 1445 1774 NI
1469 1739 1555 1775 serii
1579 1760 1622 1765 —
1649 1739 1840 1783 carebant,

309 1797 374 1832 obt
402 1826 407 1831 .
438 1826 443 1831 .
473 1825 479 1831 .
506 1796 543 1831 111
568 1808 666 1832 saev.
693 1797 951 1832 subornarent.

424 1865 442 1888 c
467 1856 511 1888 In
535 1857 701 1898 marqine:
728 1852 889 1888 Subleva
913 1853 1077 1888 aetatem
1101 1853 1124 1887 f.
1151 1853 1176 1887 t.
1205 1853 1243 1887 et
1266 1853 1353 1898 patr
1379 1879 1386 1886 .
1416 1881 1422 1887 .
1453 1881 1459 1887 .
1486 1865 1533 1888 m.

427 1994 442 2024 1
474 1989 609 2035 Incipit
639 1989 757 2025 altera
787 1990 968 2025 columna.
1000 2009 1043 2013 —
1082 1988 1180 2023 Num
1209 1988 1271 2024 ille
1301 1989 1478 2024 Proculus
1504 1989 1552 2024 ad
1577 2000 1688 2033 quem
1713 1988 1841 2024 rescri-

309 2047 464 2091 pserunt
488 2045 563 2081 divi
585 2046 722 2081 fratres
748 2045 823 2090 dig.
850 2044 979 2080 XXVI.
1007 2048 1037 2080 5.
1065 2049 1130 2079 24?
1171 2048 1297 2080 Maius.

425 2107 444 2137 2
471 2101 646 2147 Sequitur
670 2100 759 2136 God.
784 2114 821 2147 p.
848 2105 925 2145 299,
953 2101 1053 2136 cuius
1076 2111 1212 2136 novem
1234 2101 1345 2146 primi
1369 2112 1493 2136 versus
1518 2101 1614 2138 erasi
1638 2102 1734 2137 sunt.

426 2163 446 2193 3
472 2157 560 2193 Cod.
587 2158 629 2193 ut
653 2157 771 2194 amico
797 2157 946 2203 quidem
970 2157 1184 2193 videbatur:
1212 2161 1367 2192 dicundis
1384 2161 1441 2193 ad.
1461 2162 1638 2193 uniendum
1659 2163 1762 2203 paulo
1780 2166 1841 2193 ut.

314 2241 432 2252 .....
454 2218 530 2249 inor
555 2222 588 2249 et
611 2217 714 2259 infe-et
734 2242 740 2249 .
763 2241 770 2249 .
789 2241 797 2248 .
814 2213 1024 2249 Particulae
1041 2217 1089 2248 ad
1110 2213 1226 2258 postr.
1242 2212 1313 2248 h‘tt.
1340 2224 1453 2258 aegre
1479 2213 1720 2259 distinguitur
1743 2215 1783 2250 et
1804 2214 1843 2249 iu

310 2275 515 2316 paniendemz
545 2271 615 2306 litt.
644 2285 663 2305 u
689 2267 964 2306 &correctione
990 2271 1054 2306 est.
1104 2268 1223 2305 Maius
1248 2269 1377 2305 scribit
1406 2271 1529 2315 [paulo
1554 2271 1710 2316 dur-Uar,
1744 2270 1843 2315 quod

314 2339 388 2368 non
412 2327 547 2363 sufficit
571 2327 620 2363 ad
644 2326 806 2372 spatium
831 2326 1063 2372 explendum.

427 2388 447 2418 4
471 2384 530 2419 Ita
552 2383 684 2419 Maius.
718 2383 777 2418 Du
800 2382 895 2418 Rieu
911 2394 930 2418 e
948 2381 1118 2427 margine
1144 2382 1355 2428 descripsit:
1380 2382 1528 2418 UISINI
1555 2411 1561 2417 .
1590 2412 1596 2418 .
1622 2383 1690 2418 NI:
1715 2383 1843 2429 itaque

315 2441 470 2476 fortasse
493 2440 664 2486 praestat
687 2443 750 2475 visi
772 2442 911 2475 minime.

428 2500 449 2532 5
471 2496 635 2532 Ultimae
657 2495 807 2531 litterae
830 2495 994 2531 incertae
1018 2495 1117 2531 visae
1143 2497 1245 2539 sunt,
1274 2496 1355 2531 tum
1378 2496 1418 2530 in
1440 2497 1546 2531 textu
1575 2497 1658 2531 tum
1686 2495 1725 2531 in
1748 2508 1844 2532 mar-

315 2552 413 2597 gine.
461 2552 580 2589 Maius
605 2556 732 2588 tamen
757 2551 892 2596 diserte
917 2552 1081 2588 affirmat
1105 2563 1142 2587 se
1167 2553 1325 2597 utroque
1354 2553 1437 2588 loco
1461 2552 1597 2598 legisse
1622 2552 1722 2597 quod
1746 2553 1842 2588 dedi.

430 2614 450 2644 6
474 2610 534 2645 Ita
555 2608 684 2644 Maius.
734 2608 882 2644 Amicus
908 2607 1092 2643 distinxit:
1118 2609 1207 2644 tunc
1229 2608 1360 2644 DOEN
1385 2638 1392 2643 .
1420 2638 1427 2644 .
1456 2637 1463 2643 .
1488 2609 1675 2646 DEmUc).

429 2670 446 2700 7
472 2665 622 2701 Amicus
645 2665 754 2701 vidit:
779 2669 942 2711 patritam
969 2693 975 2699 .
1004 2694 1010 2700 .
1037 2665 1071 2700 N
1098 2694 1104 2700 .
1132 2664 1185 2700 OS
1212 2694 1218 2700 .
1248 2694 1254 2700 .
1283 2692 1291 2703 .
1318 2694 1324 2700 .
1350 2665 1413 2700 ΕΤ
1438 2669 1626 2701 rescindas.

431 2724 451 2756 8
477 2721 652 2767 Sequitur
677 2721 765 2758 Cod.
791 2734 828 2767 p.
855 2725 931 2758 298.

431 2782 451 2813 9
475 2778 533 2813 Ad
556 2779 668 2814 finem
692 2778 871 2824 epistulae
894 2778 989 2814 latet
1013 2790 1125 2813 unum
1148 2778 1320 2822 verbum,
1352 2777 1451 2823 quod
1474 2776 1598 2823 legere
1629 2790 1703 2815 non
1727 2778 1843 2824 potui.

317 2836 360 2870 In
390 2834 496 2869 huius
527 2835 653 2871 autem
681 2835 843 2881 paginae
873 2836 1083 2880 postremae
1111 2834 1252 2870 lacunis
1282 2835 1403 2871 latent
1432 2846 1558 2870 versus
1581 2835 1718 2871 XXIII:
1758 2846 1843 2870 nam

318 2902 427 2926 versu
452 2891 584 2935 quarto
611 2892 648 2926 et
671 2890 846 2926 vicesimo
871 2890 1001 2936 incipit
1025 2901 1179 2935 sequens
1204 2891 1374 2936 epistula.
1423 2893 1549 2929 Maius.
