<?xml version="1.0" encoding="UTF-8"?>
<!DOCTYPE html PUBLIC "-//W3C//DTD XHTML 1.0 Transitional//EN"
    "http://www.w3.org/TR/xhtml1/DTD/xhtml1-transitional.dtd">
<html xmlns="http://www.w3.org/1999/xhtml" xml:lang="en" lang="en">
 <head>
  <title>
</title>
<meta http-equiv="Content-Type" content="text/html;charset=utf-8" />
  <meta name='ocr-system' content='tesseract 3.04.00' />
  <meta name='ocr-capabilities' content='ocr_page ocr_carea ocr_par ocr_line ocrx_word'/>
</head>
<body>
  <div class='ocr_page' id='page_1' title='image "./mcorneliifronton00fronuoft_0216.png"; bbox 0 0 1968 3158; ppageno 0'>
   <div class='ocr_carea' id='block_1_1' title="bbox 289 147 1531 194">
    <p class='ocr_par' dir='ltr' id='par_1_1' title="bbox 289 147 1531 194">
     <span class='ocr_line' id='line_1_1' title="bbox 289 147 1531 194; baseline -0.001 -9"><span class='ocrx_word' id='word_1_1' title='bbox 289 152 368 194; x_wconf 81' lang='grc'>176</span> <span class='ocrx_word' id='word_1_2' title='bbox 575 150 623 184; x_wconf 90' lang='grc' dir='ltr'>Μ.</span> <span class='ocrx_word' id='word_1_3' title='bbox 643 148 867 184; x_wconf 83' lang='lat' dir='ltr'>CORNELII</span> <span class='ocrx_word' id='word_1_4' title='bbox 890 147 1166 183; x_wconf 84' lang='lat' dir='ltr'>FRONTONIS</span> <span class='ocrx_word' id='word_1_5' title='bbox 1190 147 1531 184; x_wconf 84' lang='lat' dir='ltr'>EPISTULARUM</span> 
     </span>
    </p>
   </div>
   <div class='ocr_carea' id='block_1_2' title="bbox 286 257 1812 791">
    <p class='ocr_par' dir='ltr' id='par_1_2' title="bbox 286 257 1812 791">
     <span class='ocr_line' id='line_1_2' title="bbox 286 257 1809 318; baseline -0.001 -14"><span class='ocrx_word' id='word_1_6' title='bbox 286 263 439 318; x_wconf 79' lang='lat' dir='ltr'>Frugi,</span> <span class='ocrx_word' id='word_1_7' title='bbox 479 262 658 317; x_wconf 81' lang='lat' dir='ltr'>probus,</span> <span class='ocrx_word' id='word_1_8' title='bbox 691 261 1002 318; x_wconf 78' lang='lat' dir='ltr'>philostorgus‚</span> <span class='ocrx_word' id='word_1_9' title='bbox 1037 257 1155 304; x_wconf 86' lang='lat' dir='ltr'>cuius</span> <span class='ocrx_word' id='word_1_10' title='bbox 1185 261 1245 303; x_wconf 82' lang='lat' dir='ltr'>rei</span> <span class='ocrx_word' id='word_1_11' title='bbox 1275 275 1431 303; x_wconf 90' lang='lat' dir='ltr'>nomen</span> <span class='ocrx_word' id='word_1_12' title='bbox 1461 263 1564 316; x_wconf 90' lang='lat' dir='ltr'>aput</span> <span class='ocrx_word' id='word_1_13' title='bbox 1593 260 1809 302; x_wconf 84' lang='lat' dir='ltr'>Romanos</span> 
     </span>
     <span class='ocr_line' id='line_1_3' title="bbox 286 318 1806 372; baseline -0.001 0"><span class='ocrx_word' id='word_1_14' title='bbox 286 331 451 372; x_wconf 89' lang='lat' dir='ltr'>nullum</span> <span class='ocrx_word' id='word_1_15' title='bbox 489 332 555 371; x_wconf 87' lang='lat' dir='ltr'>est</span> <span class='ocrx_word' id='word_1_16' title='bbox 595 362 604 371; x_wconf 90' lang='lat'>.</span> <span class='ocrx_word' id='word_1_17' title='bbox 648 362 1100 371; x_wconf 90' lang='grc'><strong>...........</strong></span> <span class='ocrx_word' id='word_1_18' title='bbox 1129 318 1132 323; x_wconf 23' lang='lat' dir='ltr'><em>r</em></span> <span class='ocrx_word' id='word_1_19' title='bbox 1136 362 1806 371; x_wconf 90' lang='grc'><strong>................</strong></span> 
     </span>
     <span class='ocr_line' id='line_1_4' title="bbox 290 396 1807 456; baseline 0 -17"><span class='ocrx_word' id='word_1_20' title='bbox 290 432 297 440; x_wconf 91' lang='grc'><strong>.</strong></span> <span class='ocrx_word' id='word_1_21' title='bbox 335 398 384 455; x_wconf 56' lang='grc' dir='ltr'>,Γ</span> <span class='ocrx_word' id='word_1_22' title='bbox 423 432 432 439; x_wconf 93' lang='grc'><strong>.</strong></span> <span class='ocrx_word' id='word_1_23' title='bbox 468 431 476 439; x_wconf 92' lang='grc'><strong>.</strong></span> <span class='ocrx_word' id='word_1_24' title='bbox 513 431 520 439; x_wconf 94' lang='grc'><strong>.</strong></span> <span class='ocrx_word' id='word_1_25' title='bbox 582 397 904 439; x_wconf 85' lang='lat' dir='ltr'>Facundissimo</span> <span class='ocrx_word' id='word_1_26' title='bbox 935 397 1146 451; x_wconf 81' lang='lat' dir='ltr'>omnium,</span> <span class='ocrx_word' id='word_1_27' title='bbox 1183 411 1290 452; x_wconf 89' lang='lat' dir='ltr'>quae</span> <span class='ocrx_word' id='word_1_28' title='bbox 1321 398 1396 456; x_wconf 76' lang='lat' dir='ltr'>tua</span> <span class='ocrx_word' id='word_1_29' title='bbox 1425 396 1627 438; x_wconf 70' lang='lat' dir='ltr'>nobilitas</span> <span class='ocrx_word' id='word_1_30' title='bbox 1658 399 1722 439; x_wconf 90' lang='lat' dir='ltr'>est</span> <span class='ocrx_word' id='word_1_31' title='bbox 1753 430 1762 439; x_wconf 91' lang='lat'>.</span> <span class='ocrx_word' id='word_1_32' title='bbox 1798 430 1807 439; x_wconf 91' lang='lat'>.</span> 
     </span>
     <span class='ocr_line' id='line_1_5' title="bbox 291 464 1810 520; baseline -0.001 -14"><span class='ocrx_word' id='word_1_33' title='bbox 291 498 554 506; x_wconf 92' lang='lat'><em>.......</em></span> <span class='ocrx_word' id='word_1_34' title='bbox 578 479 705 520; x_wconf 83' lang='lat' dir='ltr'>aegre</span> <span class='ocrx_word' id='word_1_35' title='bbox 736 465 1000 506; x_wconf 87' lang='lat' dir='ltr'>abstractum</span> <span class='ocrx_word' id='word_1_36' title='bbox 1031 465 1310 506; x_wconf 83' lang='lat' dir='ltr'>contubernio</span> <span class='ocrx_word' id='word_1_37' title='bbox 1340 478 1454 518; x_wconf 78' lang='lat' dir='ltr'>meo,</span> <span class='ocrx_word' id='word_1_38' title='bbox 1487 464 1598 519; x_wconf 90' lang='lat' dir='ltr'>quod</span> <span class='ocrx_word' id='word_1_39' title='bbox 1627 464 1810 519; x_wconf 88' lang='lat' dir='ltr'>pectoris</span> 
     </span>
     <span class='ocr_line' id='line_1_6' title="bbox 286 531 1812 588; baseline 0 -14"><span class='ocrx_word' id='word_1_40' title='bbox 286 533 528 575; x_wconf 87' lang='lat' dir='ltr'>valetudine</span> <span class='ocrx_word' id='word_1_41' title='bbox 561 535 779 588; x_wconf 86' lang='lat' dir='ltr'>correptus</span> <span class='ocrx_word' id='word_1_42' title='bbox 809 533 942 575; x_wconf 78' lang='lat' dir='ltr'>levari</span> <span class='ocrx_word' id='word_1_43' title='bbox 969 537 1043 575; x_wconf 73' lang='lat' dir='ltr'>isto</span> <span class='ocrx_word' id='word_1_44' title='bbox 1075 532 1190 574; x_wconf 83' lang='lat' dir='ltr'>caelo</span> <span class='ocrx_word' id='word_1_45' title='bbox 1220 546 1343 587; x_wconf 86' lang='lat' dir='ltr'>posse</span> <span class='ocrx_word' id='word_1_46' title='bbox 1372 536 1450 574; x_wconf 72' lang='lat' dir='ltr'>sibe·</span> <span class='ocrx_word' id='word_1_47' title='bbox 1476 532 1723 587; x_wconf 70' lang='lat' dir='ltr'>maqnbpere</span> <span class='ocrx_word' id='word_1_48' title='bbox 1752 531 1812 574; x_wconf 78' lang='lat' dir='ltr'>vi-</span> 
     </span>
     <span class='ocr_line' id='line_1_7' title="bbox 287 598 1811 656; baseline -0.001 -14"><span class='ocrx_word' id='word_1_49' title='bbox 287 601 455 655; x_wconf 81' lang='lat' dir='ltr'>deatur3</span> <span class='ocrx_word' id='word_1_50' title='bbox 487 601 598 656; x_wconf 92' lang='lat' dir='ltr'>quod</span> <span class='ocrx_word' id='word_1_51' title='bbox 627 603 676 642; x_wconf 91' lang='lat' dir='ltr'>ut</span> <span class='ocrx_word' id='word_1_52' title='bbox 705 601 782 642; x_wconf 91' lang='lat' dir='ltr'>fiat</span> <span class='ocrx_word' id='word_1_53' title='bbox 811 603 926 655; x_wconf 90' lang='lat' dir='ltr'>opto.</span> <span class='ocrx_word' id='word_1_54' title='bbox 989 600 1122 643; x_wconf 83' lang='lat' dir='ltr'>Oum2</span> <span class='ocrx_word' id='word_1_55' title='bbox 1142 615 1239 641; x_wconf 91' lang='lat' dir='ltr'>eum</span> <span class='ocrx_word' id='word_1_56' title='bbox 1269 600 1383 641; x_wconf 87' lang='lat' dir='ltr'>inter</span> <span class='ocrx_word' id='word_1_57' title='bbox 1411 598 1690 655; x_wconf 89' lang='lat' dir='ltr'>paucissimos</span> <span class='ocrx_word' id='word_1_58' title='bbox 1720 599 1811 640; x_wconf 88' lang='lat' dir='ltr'>dili-</span> 
     </span>
     <span class='ocr_line' id='line_1_8' title="bbox 287 659 1812 724; baseline -0.001 -14"><span class='ocrx_word' id='word_1_59' title='bbox 287 683 407 724; x_wconf 83' lang='lat' dir='ltr'>gam,</span> <span class='ocrx_word' id='word_1_60' title='bbox 448 669 518 710; x_wconf 84' lang='lat' dir='ltr'>fac</span> <span class='ocrx_word' id='word_1_61' title='bbox 548 668 653 710; x_wconf 89' lang='lat' dir='ltr'>mihi</span> <span class='ocrx_word' id='word_1_62' title='bbox 686 683 788 724; x_wconf 88' lang='lat' dir='ltr'>cape</span> <span class='ocrx_word' id='word_1_63' title='bbox 822 702 830 710; x_wconf 92' lang='lat'>.</span> <span class='ocrx_word' id='word_1_64' title='bbox 866 669 903 709; x_wconf 83' lang='lat'>.3</span> <span class='ocrx_word' id='word_1_65' title='bbox 934 682 1030 710; x_wconf 88' lang='lat' dir='ltr'>eum</span> <span class='ocrx_word' id='word_1_66' title='bbox 1059 669 1330 723; x_wconf 74' lang='lat' dir='ltr'>praesentem</span> <span class='ocrx_word' id='word_1_67' title='bbox 1361 659 1567 722; x_wconf 79' lang='lat' dir='ltr'>accipias,</span> <span class='ocrx_word' id='word_1_68' title='bbox 1595 669 1643 716; x_wconf 88' lang='lat' dir='ltr'>et</span> <span class='ocrx_word' id='word_1_69' title='bbox 1671 667 1812 722; x_wconf 84' lang='lat' dir='ltr'>propi-</span> 
     </span>
     <span class='ocr_line' id='line_1_9' title="bbox 288 735 1810 791; baseline -0.001 -13"><span class='ocrx_word' id='word_1_70' title='bbox 288 737 376 778; x_wconf 76' lang='lat' dir='ltr'>cia4</span> <span class='ocrx_word' id='word_1_71' title='bbox 411 770 419 778; x_wconf 89' lang='lat'>.</span> <span class='ocrx_word' id='word_1_72' title='bbox 456 770 464 778; x_wconf 91' lang='lat'>.</span> <span class='ocrx_word' id='word_1_73' title='bbox 497 737 617 778; x_wconf 86' lang='lat' dir='ltr'>iuxta</span> <span class='ocrx_word' id='word_1_74' title='bbox 651 770 658 777; x_wconf 94' lang='lat'>.</span> <span class='ocrx_word' id='word_1_75' title='bbox 696 770 703 777; x_wconf 97' lang='lat'>.</span> <span class='ocrx_word' id='word_1_76' title='bbox 737 736 917 778; x_wconf 89' lang='lat' dir='ltr'>salutem</span> <span class='ocrx_word' id='word_1_77' title='bbox 950 769 958 777; x_wconf 89' lang='lat'>.</span> <span class='ocrx_word' id='word_1_78' title='bbox 995 770 1002 777; x_wconf 94' lang='lat'>.</span> <span class='ocrx_word' id='word_1_79' title='bbox 1037 736 1192 791; x_wconf 91' lang='lat' dir='ltr'>cupio.</span> <span class='ocrx_word' id='word_1_80' title='bbox 1229 769 1237 777; x_wconf 91' lang='lat'>.</span> <span class='ocrx_word' id='word_1_81' title='bbox 1270 735 1332 777; x_wconf 89' lang='lat' dir='ltr'>ita</span> <span class='ocrx_word' id='word_1_82' title='bbox 1362 737 1593 791; x_wconf 89' lang='lat' dir='ltr'>generatus</span> <span class='ocrx_word' id='word_1_83' title='bbox 1624 737 1689 776; x_wconf 89' lang='lat' dir='ltr'>est</span> <span class='ocrx_word' id='word_1_84' title='bbox 1711 768 1720 776; x_wconf 95' lang='lat'>.</span> <span class='ocrx_word' id='word_1_85' title='bbox 1757 768 1765 776; x_wconf 93' lang='lat'>.</span> <span class='ocrx_word' id='word_1_86' title='bbox 1801 767 1810 776; x_wconf 89' lang='lat'>.</span> 
     </span>
    </p>
   </div>
   <div class='ocr_carea' id='block_1_3' title="bbox 557 914 1542 972">
    <p class='ocr_par' dir='ltr' id='par_1_3' title="bbox 557 914 1542 972">
     <span class='ocr_line' id='line_1_10' title="bbox 557 914 1542 972; baseline -0.002 -12"><span class='ocrx_word' id='word_1_87' title='bbox 557 917 684 960; x_wconf 90' lang='lat' dir='ltr'>IIII.</span> <span class='ocrx_word' id='word_1_88' title='bbox 745 916 1000 972; x_wconf 81' lang='lat' dir='ltr'>Acer[ilio5</span> <span class='ocrx_word' id='word_1_89' title='bbox 1029 917 1277 972; x_wconf 81' lang='lat' dir='ltr'>PlJariano</span> <span class='ocrx_word' id='word_1_90' title='bbox 1309 914 1542 960; x_wconf 80' lang='lat' dir='ltr'>Salutem.</span> 
     </span>
    </p>
   </div>
   <div class='ocr_carea' id='block_1_4' title="bbox 255 1006 1816 1808">
    <p class='ocr_par' dir='ltr' id='par_1_4' title="bbox 255 1006 1816 1808">
     <span class='ocr_line' id='line_1_11' title="bbox 399 1006 1813 1063; baseline -0.002 -13"><span class='ocrx_word' id='word_1_91' title='bbox 399 1009 556 1051; x_wconf 90' lang='lat' dir='ltr'>Iulium</span> <span class='ocrx_word' id='word_1_92' title='bbox 577 1008 829 1063; x_wconf 90' lang='lat' dir='ltr'>Aquilinum</span> <span class='ocrx_word' id='word_1_93' title='bbox 840 1008 868 1062; x_wconf 72' lang='lat'>⁶,</span> <span class='ocrx_word' id='word_1_94' title='bbox 903 1008 1060 1062; x_wconf 82' lang='lat' dir='ltr'>virum,</span> <span class='ocrx_word' id='word_1_95' title='bbox 1093 1007 1232 1062; x_wconf 79' lang='lat' dir='ltr'><strong>siquid</strong></span> <span class='ocrx_word' id='word_1_96' title='bbox 1252 1007 1358 1049; x_wconf 89' lang='lat' dir='ltr'>mihi</span> <span class='ocrx_word' id='word_1_97' title='bbox 1381 1007 1537 1060; x_wconf 81' lang='lat' dir='ltr'>credis,</span> <span class='ocrx_word' id='word_1_98' title='bbox 1570 1006 1813 1062; x_wconf 65' lang='lat' dir='ltr'>doctisl⁷si-</span> 
     </span>
     <span class='ocr_line' id='line_1_12' title="bbox 287 1074 1812 1132; baseline -0.003 -14"><span class='ocrx_word' id='word_1_99' title='bbox 287 1092 417 1132; x_wconf 73' lang='lat' dir='ltr'>mum,</span> <span class='ocrx_word' id='word_1_100' title='bbox 449 1076 816 1130; x_wconf 76' lang='lat' dir='ltr'>facundissimum,</span> <span class='ocrx_word' id='word_1_101' title='bbox 840 1075 1135 1131; x_wconf 81' lang='lat' dir='ltr'>philosophiae</span> <span class='ocrx_word' id='word_1_102' title='bbox 1157 1075 1393 1130; x_wconf 89' lang='lat' dir='ltr'>disciplinis</span> <span class='ocrx_word' id='word_1_103' title='bbox 1416 1074 1468 1116; x_wconf 90' lang='lat' dir='ltr'>ad</span> <span class='ocrx_word' id='word_1_104' title='bbox 1489 1074 1672 1129; x_wconf 87' lang='lat' dir='ltr'>optimas</span> <span class='ocrx_word' id='word_1_105' title='bbox 1693 1074 1812 1127; x_wconf 75' lang='lat' dir='ltr'>artis,</span> 
     </span>
     <span class='ocr_line' id='line_1_13' title="bbox 255 1140 1812 1199; baseline -0.003 -13"><span class='ocrx_word' id='word_1_106' title='bbox 255 1140 258 1144; x_wconf 62' lang='grc'><strong>’</strong></span> <span class='ocrx_word' id='word_1_107' title='bbox 288 1145 556 1199; x_wconf 76' lang='lat' dir='ltr'>eloquentiae</span> <span class='ocrx_word' id='word_1_108' title='bbox 587 1144 740 1186; x_wconf 87' lang='lat' dir='ltr'>studiis</span> <span class='ocrx_word' id='word_1_109' title='bbox 771 1144 824 1185; x_wconf 89' lang='lat' dir='ltr'>ad</span> <span class='ocrx_word' id='word_1_110' title='bbox 854 1144 1074 1199; x_wconf 84' lang='lat' dir='ltr'>egregiam</span> <span class='ocrx_word' id='word_1_111' title='bbox 1103 1143 1350 1185; x_wconf 83' lang='lat' dir='ltr'>facundiam</span> <span class='ocrx_word' id='word_1_112' title='bbox 1372 1157 1423 1183; x_wconf 86' lang='lat' dir='ltr'>ex</span> <span class='ocrx_word' id='word_1_113' title='bbox 1444 1142 1562 1184; x_wconf 71' lang='lat' dir='ltr'>iuress</span> <span class='ocrx_word' id='word_1_114' title='bbox 1584 1141 1812 1195; x_wconf 76' lang='lat' dir='ltr'>eruditum,</span> 
     </span>
     <span class='ocr_line' id='line_1_14' title="bbox 290 1210 1813 1266; baseline -0.003 -12"><span class='ocrx_word' id='word_1_115' title='bbox 290 1212 537 1254; x_wconf 90' lang='lat' dir='ltr'>commendo</span> <span class='ocrx_word' id='word_1_116' title='bbox 566 1212 647 1253; x_wconf 92' lang='lat' dir='ltr'>tibi</span> <span class='ocrx_word' id='word_1_117' title='bbox 677 1226 805 1266; x_wconf 89' lang='lat' dir='ltr'>quam</span> <span class='ocrx_word' id='word_1_118' title='bbox 843 1226 1015 1266; x_wconf 91' lang='lat' dir='ltr'>possum</span> <span class='ocrx_word' id='word_1_119' title='bbox 1045 1211 1364 1252; x_wconf 71' lang='lat' dir='ltr'>studiosissime.</span> <span class='ocrx_word' id='word_1_120' title='bbox 1426 1210 1561 1251; x_wconf 81' lang='lat' dir='ltr'>Decet</span> <span class='ocrx_word' id='word_1_121' title='bbox 1591 1223 1615 1251; x_wconf 91' lang='lat' dir='ltr'>a</span> <span class='ocrx_word' id='word_1_122' title='bbox 1645 1211 1688 1250; x_wconf 90' lang='lat' dir='ltr'>te</span> <span class='ocrx_word' id='word_1_123' title='bbox 1718 1222 1813 1264; x_wconf 85' lang='lat' dir='ltr'>gra-</span> 
     </span>
     <span class='ocr_line' id='line_1_15' title="bbox 288 1277 1815 1334; baseline -0.001 -15"><span class='ocrx_word' id='word_1_124' title='bbox 288 1281 460 1322; x_wconf 89' lang='lat' dir='ltr'>vissimo</span> <span class='ocrx_word' id='word_1_125' title='bbox 491 1282 534 1321; x_wconf 90' lang='lat' dir='ltr'>et</span> <span class='ocrx_word' id='word_1_126' title='bbox 564 1279 880 1334; x_wconf 87' lang='lat' dir='ltr'>sapientissimo</span> <span class='ocrx_word' id='word_1_127' title='bbox 909 1279 1000 1321; x_wconf 85' lang='lat' dir='ltr'>viro</span> <span class='ocrx_word' id='word_1_128' title='bbox 1030 1280 1119 1320; x_wconf 87' lang='lat' dir='ltr'>tam</span> <span class='ocrx_word' id='word_1_129' title='bbox 1156 1278 1328 1320; x_wconf 86' lang='lat' dir='ltr'>doctum</span> <span class='ocrx_word' id='word_1_130' title='bbox 1364 1280 1536 1332; x_wconf 90' lang='lat' dir='ltr'>tamque</span> <span class='ocrx_word' id='word_1_131' title='bbox 1574 1277 1815 1332; x_wconf 88' lang='lat' dir='ltr'>elegantem</span> 
     </span>
     <span class='ocr_line' id='line_1_16' title="bbox 287 1343 1816 1402; baseline -0.003 -13"><span class='ocrx_word' id='word_1_132' title='bbox 287 1348 427 1389; x_wconf 87' lang='lat' dir='ltr'>virum</span> <span class='ocrx_word' id='word_1_133' title='bbox 455 1362 544 1389; x_wconf 91' lang='lat' dir='ltr'>non</span> <span class='ocrx_word' id='word_1_134' title='bbox 573 1347 697 1389; x_wconf 91' lang='lat' dir='ltr'>modo</span> <span class='ocrx_word' id='word_1_135' title='bbox 727 1347 898 1402; x_wconf 85' lang='lat' dir='ltr'>protegi</span> <span class='ocrx_word' id='word_1_136' title='bbox 929 1346 1003 1388; x_wconf 91' lang='lat' dir='ltr'>sed</span> <span class='ocrx_word' id='word_1_137' title='bbox 1035 1346 1165 1388; x_wconf 89' lang='lat' dir='ltr'>etiam</span> <span class='ocrx_word' id='word_1_138' title='bbox 1194 1345 1371 1401; x_wconf 87' lang='lat' dir='ltr'>provehi</span> <span class='ocrx_word' id='word_1_139' title='bbox 1393 1347 1435 1387; x_wconf 93' lang='lat' dir='ltr'>et</span> <span class='ocrx_word' id='word_1_140' title='bbox 1458 1344 1692 1386; x_wconf 84' lang='lat' dir='ltr'>inlustrari.</span> <span class='ocrx_word' id='word_1_141' title='bbox 1734 1343 1816 1385; x_wconf 88' lang='lat' dir='ltr'>Est</span> 
     </span>
     <span class='ocr_line' id='line_1_17' title="bbox 290 1407 1814 1470; baseline -0.003 -14"><span class='ocrx_word' id='word_1_142' title='bbox 290 1416 433 1470; x_wconf 77' lang='lat' dir='ltr'>etiam,</span> <span class='ocrx_word' id='word_1_143' title='bbox 468 1414 607 1470; x_wconf 88' lang='lat' dir='ltr'>siquid</span> <span class='ocrx_word' id='word_1_144' title='bbox 637 1414 743 1455; x_wconf 90' lang='lat' dir='ltr'>mihi</span> <span class='ocrx_word' id='word_1_145' title='bbox 776 1414 940 1468; x_wconf 81' lang='lat' dir='ltr'>credes,</span> <span class='ocrx_word' id='word_1_146' title='bbox 985 1413 1214 1468; x_wconf 89' lang='lat' dir='ltr'>Aquilinus</span> <span class='ocrx_word' id='word_1_147' title='bbox 1245 1412 1450 1455; x_wconf 91' lang='lat' dir='ltr'>eiusmodi</span> <span class='ocrx_word' id='word_1_148' title='bbox 1479 1413 1566 1467; x_wconf 72' lang='lat' dir='ltr'>vir,</span> <span class='ocrx_word' id='word_1_149' title='bbox 1598 1414 1646 1453; x_wconf 91' lang='lat' dir='ltr'>ut</span> <span class='ocrx_word' id='word_1_150' title='bbox 1675 1413 1722 1452; x_wconf 91' lang='lat' dir='ltr'>in</span> <span class='ocrx_word' id='word_1_151' title='bbox 1749 1407 1814 1452; x_wconf 87' lang='lat' dir='ltr'>tui</span> 
     </span>
     <span class='ocr_line' id='line_1_18' title="bbox 289 1478 1815 1538; baseline -0.003 -14"><span class='ocrx_word' id='word_1_152' title='bbox 289 1482 554 1524; x_wconf 84' lang='lat' dir='ltr'>ornamentis</span> <span class='ocrx_word' id='word_1_153' title='bbox 594 1480 743 1538; x_wconf 89' lang='lat' dir='ltr'>ae[que</span> <span class='ocrx_word' id='word_1_154' title='bbox 782 1481 846 1538; x_wconf 87' lang='lat' dir='ltr'>ac]</span> <span class='ocrx_word' id='word_1_155' title='bbox 887 1482 1025 1523; x_wconf 87' lang='lat' dir='ltr'>nostri</span> <span class='ocrx_word' id='word_1_156' title='bbox 1069 1481 1222 1522; x_wconf 84' lang='lat' dir='ltr'>merito</span> <span class='ocrx_word' id='word_1_157' title='bbox 1258 1479 1548 1522; x_wconf 89' lang='lat' dir='ltr'>numerandus</span> <span class='ocrx_word' id='word_1_158' title='bbox 1586 1479 1655 1520; x_wconf 89' lang='lat' dir='ltr'>sit.</span> <span class='ocrx_word' id='word_1_159' title='bbox 1715 1478 1815 1520; x_wconf 89' lang='lat' dir='ltr'>Non</span> 
     </span>
     <span class='ocr_line' id='line_1_19' title="bbox 290 1545 1815 1605; baseline -0.003 -13"><span class='ocrx_word' id='word_1_160' title='bbox 290 1550 506 1592; x_wconf 87' lang='lat' dir='ltr'>dubitabis</span> <span class='ocrx_word' id='word_1_161' title='bbox 527 1550 590 1591; x_wconf 90' lang='lat' dir='ltr'>ita</span> <span class='ocrx_word' id='word_1_162' title='bbox 612 1564 702 1591; x_wconf 88' lang='lat' dir='ltr'>esse</span> <span class='ocrx_word' id='word_1_163' title='bbox 722 1551 771 1591; x_wconf 91' lang='lat' dir='ltr'>ut</span> <span class='ocrx_word' id='word_1_164' title='bbox 801 1549 916 1603; x_wconf 77' lang='lat' dir='ltr'>dico,</span> <span class='ocrx_word' id='word_1_165' title='bbox 950 1549 985 1590; x_wconf 92' lang='lat' dir='ltr'>si</span> <span class='ocrx_word' id='word_1_166' title='bbox 1007 1563 1101 1590; x_wconf 92' lang='lat' dir='ltr'>eum</span> <span class='ocrx_word' id='word_1_167' title='bbox 1124 1549 1269 1590; x_wconf 79' lang='lat' dir='ltr'>audire</span> <span class='ocrx_word' id='word_1_168' title='bbox 1301 1547 1627 1605; x_wconf 88' lang='lat' dir='ltr'>[dispu]tantem</span> <span class='ocrx_word' id='word_1_169' title='bbox 1648 1546 1698 1588; x_wconf 90' lang='lat' dir='ltr'>de</span> <span class='ocrx_word' id='word_1_170' title='bbox 1719 1545 1815 1588; x_wconf 89' lang='lat' dir='ltr'>Pla-</span> 
     </span>
     <span class='ocr_line' id='line_1_20' title="bbox 289 1614 1816 1672; baseline -0.003 -13"><span class='ocrx_word' id='word_1_171' title='bbox 289 1618 445 1661; x_wconf 89' lang='lat' dir='ltr'>tonicis</span> <span class='ocrx_word' id='word_1_172' title='bbox 477 1617 715 1672; x_wconf 88' lang='lat' dir='ltr'>disciplinis</span> <span class='ocrx_word' id='word_1_173' title='bbox 736 1617 939 1672; x_wconf 89' lang='lat' dir='ltr'>dignatus</span> <span class='ocrx_word' id='word_1_174' title='bbox 968 1617 1114 1658; x_wconf 85' lang='lat' dir='ltr'>fueris.</span> <span class='ocrx_word' id='word_1_175' title='bbox 1157 1616 1393 1670; x_wconf 85' lang='lat' dir='ltr'>Perspicies</span> <span class='ocrx_word' id='word_1_176' title='bbox 1422 1629 1499 1670; x_wconf 91' lang='lat' dir='ltr'>pro</span> <span class='ocrx_word' id='word_1_177' title='bbox 1529 1616 1604 1656; x_wconf 88' lang='lat' dir='ltr'>tua</span> <span class='ocrx_word' id='word_1_178' title='bbox 1633 1614 1816 1669; x_wconf 87' lang='lat' dir='ltr'>pruden-</span> 
     </span>
     <span class='ocr_line' id='line_1_21' title="bbox 289 1681 1815 1740; baseline -0.003 -13"><span class='ocrx_word' id='word_1_179' title='bbox 289 1686 351 1727; x_wconf 90' lang='lat' dir='ltr'>tia</span> <span class='ocrx_word' id='word_1_180' title='bbox 378 1685 752 1740; x_wconf 86' lang='lat' dir='ltr'>intelligentiaque</span> <span class='ocrx_word' id='word_1_181' title='bbox 781 1699 945 1726; x_wconf 89' lang='lat' dir='ltr'>summa</span> <span class='ocrx_word' id='word_1_182' title='bbox 971 1684 1199 1726; x_wconf 79' lang='lat' dir='ltr'>maiorem-⁹</span> <span class='ocrx_word' id='word_1_183' title='bbox 1224 1683 1354 1738; x_wconf 83' lang='lat' dir='ltr'>fama,</span> <span class='ocrx_word' id='word_1_184' title='bbox 1387 1681 1815 1724; x_wconf 85' lang='lat' dir='ltr'>luculentissimum¹⁰</span> 
     </span>
     <span class='ocr_line' id='line_1_22' title="bbox 289 1748 1816 1808; baseline -0.003 -13"><span class='ocrx_word' id='word_1_185' title='bbox 289 1753 514 1796; x_wconf 82' lang='lat' dir='ltr'>verborum</span> <span class='ocrx_word' id='word_1_186' title='bbox 536 1754 746 1808; x_wconf 88' lang='lat' dir='ltr'>apparatu</span> <span class='ocrx_word' id='word_1_187' title='bbox 756 1761 786 1807; x_wconf 75' lang='lat'>³,</span> <span class='ocrx_word' id='word_1_188' title='bbox 804 1753 990 1794; x_wconf 88' lang='lat' dir='ltr'>maxima</span> <span class='ocrx_word' id='word_1_189' title='bbox 1010 1751 1296 1807; x_wconf 85' lang='lat' dir='ltr'>frequentia¹¹</span> <span class='ocrx_word' id='word_1_190' title='bbox 1319 1750 1643 1792; x_wconf 85' lang='lat' dir='ltr'>sententiarum.</span> <span class='ocrx_word' id='word_1_191' title='bbox 1680 1748 1816 1799; x_wconf 82' lang='lat' dir='ltr'>Quom</span> 
     </span>
    </p>
   </div>
   <div class='ocr_carea' id='block_1_5' title="bbox 292 1861 562 1864">
    <p class='ocr_par' dir='ltr' id='par_1_5' title="bbox 292 1861 562 1864">
     <span class='ocr_line' id='line_1_23' title="bbox 292 1861 562 1864; baseline 0 0"><span class='ocrx_word' id='word_1_192' title='bbox 292 1861 562 1864; x_wconf 95' lang='lat' dir='ltr'> </span> 
     </span>
    </p>
   </div>
   <div class='ocr_carea' id='block_1_6' title="bbox 404 1922 1003 1967">
    <p class='ocr_par' dir='ltr' id='par_1_6' title="bbox 404 1922 1003 1967">
     <span class='ocr_line' id='line_1_24' title="bbox 404 1922 1003 1967; baseline -0.003 -9"><span class='ocrx_word' id='word_1_193' title='bbox 404 1935 427 1958; x_wconf 84' lang='lat' dir='ltr'>a</span> <span class='ocrx_word' id='word_1_194' title='bbox 450 1926 495 1958; x_wconf 87' lang='lat' dir='ltr'>In</span> <span class='ocrx_word' id='word_1_195' title='bbox 518 1927 684 1967; x_wconf 65' lang='lat' dir='ltr'>margine:</span> <span class='ocrx_word' id='word_1_196' title='bbox 709 1922 805 1957; x_wconf 82' lang='lat' dir='ltr'>Laus</span> <span class='ocrx_word' id='word_1_197' title='bbox 829 1922 1003 1966; x_wconf 82' lang='lat' dir='ltr'>Aquilini.</span> 
     </span>
    </p>
   </div>
   <div class='ocr_carea' id='block_1_7' title="bbox 291 2012 495 2016">
    <p class='ocr_par' dir='ltr' id='par_1_7' title="bbox 291 2012 495 2016">
     <span class='ocr_line' id='line_1_25' title="bbox 291 2012 495 2016; baseline 0 0"><span class='ocrx_word' id='word_1_198' title='bbox 291 2012 495 2016; x_wconf 95' lang='lat' dir='ltr'> </span> 
     </span>
    </p>
   </div>
   <div class='ocr_carea' id='block_1_8' title="bbox 292 2055 1817 2892">
    <p class='ocr_par' dir='ltr' id='par_1_8' title="bbox 292 2055 1817 2207">
     <span class='ocr_line' id='line_1_26' title="bbox 407 2055 1817 2104; baseline -0.003 -11"><span class='ocrx_word' id='word_1_199' title='bbox 407 2064 423 2093; x_wconf 93' lang='lat'>1</span> <span class='ocrx_word' id='word_1_200' title='bbox 451 2058 625 2104; x_wconf 86' lang='lat' dir='ltr'>Sequitur</span> <span class='ocrx_word' id='word_1_201' title='bbox 654 2070 690 2103; x_wconf 90' lang='lat' dir='ltr'>p.</span> <span class='ocrx_word' id='word_1_202' title='bbox 717 2062 802 2101; x_wconf 80' lang='lat'>333,</span> <span class='ocrx_word' id='word_1_203' title='bbox 830 2057 868 2092; x_wconf 88' lang='lat' dir='ltr'>in</span> <span class='ocrx_word' id='word_1_204' title='bbox 899 2068 972 2101; x_wconf 87' lang='lat' dir='ltr'>qua</span> <span class='ocrx_word' id='word_1_205' title='bbox 1001 2056 1113 2092; x_wconf 86' lang='lat' dir='ltr'>hodie</span> <span class='ocrx_word' id='word_1_206' title='bbox 1142 2055 1194 2091; x_wconf 90' lang='lat' dir='ltr'>nil</span> <span class='ocrx_word' id='word_1_207' title='bbox 1224 2057 1361 2102; x_wconf 84' lang='lat' dir='ltr'>legitur</span> <span class='ocrx_word' id='word_1_208' title='bbox 1392 2056 1543 2102; x_wconf 83' lang='lat' dir='ltr'>praeter</span> <span class='ocrx_word' id='word_1_209' title='bbox 1571 2055 1636 2090; x_wconf 90' lang='lat' dir='ltr'>illa</span> <span class='ocrx_word' id='word_1_210' title='bbox 1659 2056 1698 2089; x_wconf 90' lang='lat' dir='ltr'>in</span> <span class='ocrx_word' id='word_1_211' title='bbox 1721 2066 1817 2090; x_wconf 85' lang='lat' dir='ltr'>mar-</span> 
     </span>
     <span class='ocr_line' id='line_1_27' title="bbox 292 2111 1815 2160; baseline -0.005 -9"><span class='ocrx_word' id='word_1_212' title='bbox 292 2115 393 2160; x_wconf 82' lang='lat' dir='ltr'>gine:</span> <span class='ocrx_word' id='word_1_213' title='bbox 420 2118 674 2150; x_wconf 77' lang='lat' dir='ltr'>Facundz&#39;ssimo</span> <span class='ocrx_word' id='word_1_214' title='bbox 703 2134 737 2139; x_wconf 91' lang='lat'>—</span> <span class='ocrx_word' id='word_1_215' title='bbox 768 2116 926 2149; x_wconf 79' lang='lat' dir='ltr'>nobilitas</span> <span class='ocrx_word' id='word_1_216' title='bbox 950 2120 1011 2148; x_wconf 80' lang='lat' dir='ltr'>est.</span> <span class='ocrx_word' id='word_1_217' title='bbox 1048 2111 1149 2154; x_wconf 82' lang='lat' dir='ltr'>Quae</span> <span class='ocrx_word' id='word_1_218' title='bbox 1173 2112 1292 2147; x_wconf 85' lang='lat' dir='ltr'>Maius</span> <span class='ocrx_word' id='word_1_219' title='bbox 1315 2113 1513 2157; x_wconf 86' lang='lat' dir='ltr'>praetcrea</span> <span class='ocrx_word' id='word_1_220' title='bbox 1537 2111 1639 2156; x_wconf 87' lang='lat' dir='ltr'>legit,</span> <span class='ocrx_word' id='word_1_221' title='bbox 1664 2111 1748 2146; x_wconf 86' lang='lat' dir='ltr'>sunt</span> <span class='ocrx_word' id='word_1_222' title='bbox 1772 2121 1815 2144; x_wconf 89' lang='lat' dir='ltr'>ex</span> 
     </span>
     <span class='ocr_line' id='line_1_28' title="bbox 292 2171 618 2207; baseline -0.003 -1"><span class='ocrx_word' id='word_1_223' title='bbox 292 2172 412 2207; x_wconf 87' lang='lat' dir='ltr'>altera</span> <span class='ocrx_word' id='word_1_224' title='bbox 437 2171 618 2206; x_wconf 90' lang='lat' dir='ltr'>columna.</span> 
     </span>
    </p>

    <p class='ocr_par' dir='ltr' id='par_1_9' title="bbox 405 2224 1499 2270">
     <span class='ocr_line' id='line_1_29' title="bbox 405 2224 1499 2270; baseline -0.005 -8"><span class='ocrx_word' id='word_1_225' title='bbox 405 2232 424 2263; x_wconf 83' lang='lat'>2</span> <span class='ocrx_word' id='word_1_226' title='bbox 450 2228 507 2262; x_wconf 86' lang='lat' dir='ltr'>Ita</span> <span class='ocrx_word' id='word_1_227' title='bbox 530 2227 659 2270; x_wconf 85' lang='lat' dir='ltr'>Maius,</span> <span class='ocrx_word' id='word_1_228' title='bbox 684 2226 747 2270; x_wconf 90' lang='lat' dir='ltr'>qui</span> <span class='ocrx_word' id='word_1_229' title='bbox 770 2227 896 2261; x_wconf 87' lang='lat' dir='ltr'>tamen</span> <span class='ocrx_word' id='word_1_230' title='bbox 920 2225 991 2260; x_wconf 86' lang='lat' dir='ltr'>sibi</span> <span class='ocrx_word' id='word_1_231' title='bbox 1014 2224 1210 2260; x_wconf 88' lang='lat' dir='ltr'>videbatur</span> <span class='ocrx_word' id='word_1_232' title='bbox 1233 2224 1358 2269; x_wconf 87' lang='lat' dir='ltr'>legere</span> <span class='ocrx_word' id='word_1_233' title='bbox 1385 2227 1499 2259; x_wconf 77' lang='lat' dir='ltr'>Exim.</span> 
     </span>
    </p>

    <p class='ocr_par' dir='ltr' id='par_1_10' title="bbox 406 2282 927 2329">
     <span class='ocr_line' id='line_1_30' title="bbox 406 2282 927 2329; baseline -0.006 -10"><span class='ocrx_word' id='word_1_234' title='bbox 406 2290 425 2319; x_wconf 85' lang='lat'><strong>3</strong></span> <span class='ocrx_word' id='word_1_235' title='bbox 451 2283 588 2329; x_wconf 85' lang='lat' dir='ltr'>Supple</span> <span class='ocrx_word' id='word_1_236' title='bbox 612 2294 750 2328; x_wconf 88' lang='lat' dir='ltr'>paucas</span> <span class='ocrx_word' id='word_1_237' title='bbox 773 2282 927 2317; x_wconf 85' lang='lat' dir='ltr'>litteras.</span> 
     </span>
    </p>

    <p class='ocr_par' dir='ltr' id='par_1_11' title="bbox 292 2335 1816 2441">
     <span class='ocr_line' id='line_1_31' title="bbox 404 2335 1816 2385; baseline -0.004 -11"><span class='ocrx_word' id='word_1_238' title='bbox 404 2345 426 2374; x_wconf 90' lang='lat'>4</span> <span class='ocrx_word' id='word_1_239' title='bbox 450 2339 543 2374; x_wconf 84' lang='lat' dir='ltr'>Exin</span> <span class='ocrx_word' id='word_1_240' title='bbox 568 2340 764 2385; x_wconf 82' lang='lat' dir='ltr'>supersunt</span> <span class='ocrx_word' id='word_1_241' title='bbox 787 2349 903 2383; x_wconf 88' lang='lat' dir='ltr'>usque</span> <span class='ocrx_word' id='word_1_242' title='bbox 929 2338 976 2373; x_wconf 87' lang='lat' dir='ltr'>ad</span> <span class='ocrx_word' id='word_1_243' title='bbox 1000 2339 1111 2373; x_wconf 90' lang='lat' dir='ltr'>finem</span> <span class='ocrx_word' id='word_1_244' title='bbox 1136 2337 1316 2383; x_wconf 88' lang='lat' dir='ltr'>epistulae</span> <span class='ocrx_word' id='word_1_245' title='bbox 1332 2347 1458 2372; x_wconf 87' lang='lat' dir='ltr'>versus</span> <span class='ocrx_word' id='word_1_246' title='bbox 1474 2335 1536 2379; x_wconf 93' lang='lat' dir='ltr'>IX,</span> <span class='ocrx_word' id='word_1_247' title='bbox 1561 2345 1718 2380; x_wconf 88' lang='lat' dir='ltr'>quorum</span> <span class='ocrx_word' id='word_1_248' title='bbox 1741 2345 1816 2369; x_wconf 90' lang='lat' dir='ltr'>non</span> 
     </span>
     <span class='ocr_line' id='line_1_32' title="bbox 292 2395 922 2441; baseline -0.003 -10"><span class='ocrx_word' id='word_1_249' title='bbox 292 2397 362 2432; x_wconf 85' lang='lat' dir='ltr'>nisi</span> <span class='ocrx_word' id='word_1_250' title='bbox 384 2397 500 2432; x_wconf 86' lang='lat' dir='ltr'>verba</span> <span class='ocrx_word' id='word_1_251' title='bbox 523 2395 716 2440; x_wconf 86' lang='lat' dir='ltr'>sequentia</span> <span class='ocrx_word' id='word_1_252' title='bbox 738 2395 922 2441; x_wconf 86' lang='lat' dir='ltr'>leguntur.</span> 
     </span>
    </p>

    <p class='ocr_par' dir='ltr' id='par_1_12' title="bbox 406 2450 1149 2488">
     <span class='ocr_line' id='line_1_33' title="bbox 406 2450 1149 2488; baseline -0.004 0"><span class='ocrx_word' id='word_1_253' title='bbox 406 2457 426 2488; x_wconf 83' lang='lat'>5</span> <span class='ocrx_word' id='word_1_254' title='bbox 450 2453 505 2487; x_wconf 92' lang='lat' dir='ltr'>De</span> <span class='ocrx_word' id='word_1_255' title='bbox 529 2453 599 2487; x_wconf 93' lang='lat' dir='ltr'>hoc</span> <span class='ocrx_word' id='word_1_256' title='bbox 623 2452 771 2486; x_wconf 90' lang='lat' dir='ltr'>nomine</span> <span class='ocrx_word' id='word_1_257' title='bbox 794 2451 878 2487; x_wconf 88' lang='lat' dir='ltr'>vide</span> <span class='ocrx_word' id='word_1_258' title='bbox 903 2451 952 2486; x_wconf 86' lang='lat' dir='ltr'>ad</span> <span class='ocrx_word' id='word_1_259' title='bbox 974 2450 1149 2486; x_wconf 84' lang='lat' dir='ltr'>Iudicem.</span> 
     </span>
    </p>

    <p class='ocr_par' dir='ltr' id='par_1_13' title="bbox 293 2504 1817 2611">
     <span class='ocr_line' id='line_1_34' title="bbox 407 2504 1817 2552; baseline -0.003 -9"><span class='ocrx_word' id='word_1_260' title='bbox 407 2513 427 2544; x_wconf 88' lang='grc'><strong>6</strong></span> <span class='ocrx_word' id='word_1_261' title='bbox 451 2508 584 2543; x_wconf 91' lang='lat' dir='ltr'>Iulium</span> <span class='ocrx_word' id='word_1_262' title='bbox 609 2508 796 2552; x_wconf 89' lang='lat' dir='ltr'>quendam</span> <span class='ocrx_word' id='word_1_263' title='bbox 812 2507 1025 2552; x_wconf 85' lang='lat' dir='ltr'>Aquilinum</span> <span class='ocrx_word' id='word_1_264' title='bbox 1040 2508 1197 2552; x_wconf 81' lang='lat' dir='ltr'>legimus</span> <span class='ocrx_word' id='word_1_265' title='bbox 1220 2507 1259 2542; x_wconf 90' lang='lat' dir='ltr'>in</span> <span class='ocrx_word' id='word_1_266' title='bbox 1281 2505 1520 2551; x_wconf 86' lang='lat' dir='ltr'>inscriptione</span> <span class='ocrx_word' id='word_1_267' title='bbox 1544 2506 1695 2550; x_wconf 85' lang='lat' dir='ltr'>reperta</span> <span class='ocrx_word' id='word_1_268' title='bbox 1717 2504 1817 2540; x_wconf 88' lang='lat' dir='ltr'>haud</span> 
     </span>
     <span class='ocr_line' id='line_1_35' title="bbox 293 2564 1547 2611; baseline -0.004 -10"><span class='ocrx_word' id='word_1_269' title='bbox 293 2566 423 2611; x_wconf 76' lang='lat' dir='ltr'>procul</span> <span class='ocrx_word' id='word_1_270' title='bbox 446 2565 626 2609; x_wconf 85' lang='lat' dir='ltr'>Aquileia.</span> <span class='ocrx_word' id='word_1_271' title='bbox 678 2565 824 2600; x_wconf 86' lang='lat' dir='ltr'>Gruter.</span> <span class='ocrx_word' id='word_1_272' title='bbox 852 2568 927 2599; x_wconf 85' lang='lat'>115.</span> <span class='ocrx_word' id='word_1_273' title='bbox 955 2568 985 2599; x_wconf 80' lang='lat'>7.</span> <span class='ocrx_word' id='word_1_274' title='bbox 1033 2564 1210 2599; x_wconf 86' lang='lat' dir='ltr'>Murator.</span> <span class='ocrx_word' id='word_1_275' title='bbox 1237 2566 1314 2598; x_wconf 84' lang='lat'>888.</span> <span class='ocrx_word' id='word_1_276' title='bbox 1341 2566 1372 2597; x_wconf 86' lang='lat'>6.</span> <span class='ocrx_word' id='word_1_277' title='bbox 1421 2565 1547 2597; x_wconf 79' lang='lat' dir='ltr'>Maius.</span> 
     </span>
    </p>

    <p class='ocr_par' dir='ltr' id='par_1_14' title="bbox 409 2619 1462 2667">
     <span class='ocr_line' id='line_1_36' title="bbox 409 2619 1462 2667; baseline -0.002 -11"><span class='ocrx_word' id='word_1_278' title='bbox 409 2626 427 2657; x_wconf 83' lang='lat'><strong>7</strong></span> <span class='ocrx_word' id='word_1_279' title='bbox 452 2621 613 2667; x_wconf 86' lang='lat' dir='ltr'>Explicit</span> <span class='ocrx_word' id='word_1_280' title='bbox 637 2620 832 2666; x_wconf 88' lang='lat' dir='ltr'>quaternio</span> <span class='ocrx_word' id='word_1_281' title='bbox 856 2620 1003 2655; x_wconf 90' lang='lat' dir='ltr'>XXXII.</span> <span class='ocrx_word' id='word_1_282' title='bbox 1052 2620 1186 2665; x_wconf 88' lang='lat' dir='ltr'>Incipit</span> <span class='ocrx_word' id='word_1_283' title='bbox 1210 2619 1297 2655; x_wconf 91' lang='lat' dir='ltr'>Cod.</span> <span class='ocrx_word' id='word_1_284' title='bbox 1322 2631 1358 2664; x_wconf 89' lang='lat' dir='ltr'>p.</span> <span class='ocrx_word' id='word_1_285' title='bbox 1385 2622 1462 2654; x_wconf 88' lang='lat'>308.</span> 
     </span>
    </p>

    <p class='ocr_par' dir='ltr' id='par_1_15' title="bbox 407 2676 1390 2722">
     <span class='ocr_line' id='line_1_37' title="bbox 407 2676 1390 2722; baseline -0.001 -9"><span class='ocrx_word' id='word_1_286' title='bbox 407 2681 429 2713; x_wconf 89' lang='grc'>8</span> <span class='ocrx_word' id='word_1_287' title='bbox 452 2678 692 2713; x_wconf 87' lang='lat' dir='ltr'>Niebuhrius:</span> <span class='ocrx_word' id='word_1_288' title='bbox 718 2681 851 2713; x_wconf 77' lang='lat' dir='ltr'>eaeimz&#39;e.</span> <span class='ocrx_word' id='word_1_289' title='bbox 901 2676 1132 2722; x_wconf 85' lang='lat' dir='ltr'>Schopenus:</span> <span class='ocrx_word' id='word_1_290' title='bbox 1158 2690 1204 2711; x_wconf 75' lang='lat' dir='ltr'>ex</span> <span class='ocrx_word' id='word_1_291' title='bbox 1229 2683 1390 2720; x_wconf 84' lang='lat' dir='ltr'>tempore.</span> 
     </span>
    </p>

    <p class='ocr_par' dir='ltr' id='par_1_16' title="bbox 409 2731 1375 2770">
     <span class='ocr_line' id='line_1_38' title="bbox 409 2731 1375 2770; baseline -0.003 -1"><span class='ocrx_word' id='word_1_292' title='bbox 409 2739 429 2769; x_wconf 89' lang='grc'><strong>9</strong></span> <span class='ocrx_word' id='word_1_293' title='bbox 454 2734 594 2769; x_wconf 86' lang='lat' dir='ltr'>Codex:</span> <span class='ocrx_word' id='word_1_294' title='bbox 620 2738 788 2770; x_wconf 84' lang='lat' dir='ltr'>minorem.</span> <span class='ocrx_word' id='word_1_295' title='bbox 839 2732 1058 2768; x_wconf 84' lang='lat' dir='ltr'>Coniectura</span> <span class='ocrx_word' id='word_1_296' title='bbox 1082 2734 1140 2768; x_wconf 81' lang='lat' dir='ltr'>est</span> <span class='ocrx_word' id='word_1_297' title='bbox 1161 2731 1375 2767; x_wconf 87' lang='lat' dir='ltr'>Heindorfii.</span> 
     </span>
    </p>

    <p class='ocr_par' dir='ltr' id='par_1_17' title="bbox 388 2790 982 2836">
     <span class='ocr_line' id='line_1_39' title="bbox 388 2790 982 2836; baseline 0 -11"><span class='ocrx_word' id='word_1_298' title='bbox 388 2795 429 2826; x_wconf 94' lang='lat'>10</span> <span class='ocrx_word' id='word_1_299' title='bbox 454 2790 683 2836; x_wconf 85' lang='lat' dir='ltr'>Schopenus:</span> <span class='ocrx_word' id='word_1_300' title='bbox 715 2794 982 2825; x_wconf 79' lang='lat' dir='ltr'>luculentissimo.</span> 
     </span>
    </p>

    <p class='ocr_par' dir='ltr' id='par_1_18' title="bbox 390 2846 855 2892">
     <span class='ocr_line' id='line_1_40' title="bbox 390 2846 855 2892; baseline 0 -11"><span class='ocrx_word' id='word_1_301' title='bbox 390 2851 427 2880; x_wconf 89' lang='lat'>11</span> <span class='ocrx_word' id='word_1_302' title='bbox 455 2846 593 2881; x_wconf 83' lang='lat' dir='ltr'>Codex:</span> <span class='ocrx_word' id='word_1_303' title='bbox 616 2851 855 2892; x_wconf 81' lang='lat' dir='ltr'>frequentiam.</span> 
     </span>
    </p>
   </div>
  </div>
 </body>
</html>
