1968 3158
802 155 1180 192 PROLEGOMENA.
1269 151 1296 213 ⁸·
1722 168 1769 198 x1

218 275 392 332 quaudo
412 276 631 330 repertum
653 274 749 329 erit,
784 273 911 316 simul
932 274 1203 329 habebimus,
1229 275 1277 316 ut
1298 287 1396 316 mox
1420 272 1603 328 patebit,
1638 271 1770 314 Fron-

218 344 388 388 toniani
438 343 617 398 codicis,
665 343 735 399 qui
765 337 900 385 'nunc
947 343 1104 385 desunt
1141 342 1302 385 medios
1341 341 1662 398 quaterniones.
1726 340 1770 383 Si

219 413 314 470 quis
354 413 558 454 amissum
596 411 796 454 volumen
827 414 1025 468 quaeret,
1068 411 1181 467 quod
1218 412 1310 454 fore
1351 425 1476 467 spero
1514 410 1588 467 qui
1624 410 1770 452 facere

219 482 370 537 velint,
404 482 514 524 sciat
534 481 666 523 libros
687 479 924 523 Bobienses
956 480 1202 535 pervenisse
1227 479 1424 534 Romam,
1458 479 1766 533 Mediolanum,

220 551 453 606 Veronam,
487 549 738 605 Neapolim,
771 548 1076 591 Vindobonam
1108 550 1151 590 et
1182 550 1430 604 Augustam
1460 548 1769 609 Taurinorum3

221 619 534 663 Escorialensis
579 617 841 660 bibliotheca
887 633 943 660 an
989 617 1121 659 libros
1168 616 1404 660 Bobienses
1443 617 1623 672 habeat,
1682 630 1771 659 non

224 688 426 744 comperi.

335 755 528 812 Uterque
560 756 691 798 codex
722 756 957 811 rescriptus
987 757 1072 811 est,
1103 758 1202 811 post
1224 757 1423 798 renatam
1445 757 1634 797 veterem
1665 754 1767 796 scri-

221 828 395 883 pturam
441 826 737 881 apparuerunt
780 826 954 881 praeter
997 824 1231 866 Frontonis
1270 823 1489 879 Epistolas
1522 822 1772 879 Symmachi

224 895 473 949 Orationes,
517 893 736 937 Ciceronis
775 893 1018 937 Scholiasta
1065 893 1293 935 Bobiensis
1331 893 1406 948 qui
1444 894 1595 948 postea
1633 886 1772 934 dictus

224 966 309 1019 est,
342 978 481 1019 pauca
511 963 721 1018 quaedam
750 963 1000 1019 fragmenta
1030 961 1408 1017 Moeso-Gothica,
1451 961 1634 1016 denique
1672 960 1773 1002 laci-

224 1033 323 1075 niae
368 1034 584 1074 tractatus
630 1032 681 1074 de
720 1031 890 1074 haeresi
928 1031 1205 1074 Arianorum.
1274 1030 1506 1088 ¹Praeterea
1544 1030 1591 1071 in
1630 1028 1774 1070 codice

224 1101 440 1144 Vaticano
469 1101 647 1143 unicum
666 1100 819 1143 folium
839 1100 977 1143 Persii
1005 1091 1303 1157 fragmentum
1334 1099 1467 1141 habet
1499 1100 1542 1140 et
1573 1098 1771 1151 alterum,

224 1167 375 1213 itidem
411 1169 610 1225 unicum,
659 1170 957 1226 fragmentum
994 1169 1225 1212 Iuvenalis.
1286 1168 1338 1210 In
1378 1167 1668 1209 Ambrosiano
1709 1181 1774 1208 60-

225 1239 318 1282 (1166
357 1240 453 1281 octo
490 1238 679 1295 paginae
718 1238 883 1281 habent
918 1240 1086 1294 partem
1124 1237 1255 1280 Plinii
1287 1236 1560 1293 Panegyrici.
1622 1235 1775 1290 Itaque

226 1309 460 1364 supersunt
505 1309 601 1350 octo
648 1307 843 1350 codicum
887 1307 1159 1363 fragmenta3
1203 1305 1561 1348 Moeso-Gothica
1597 1304 1775 1346 Reiffer-

228 1376 443 1419 scheidius
482 1376 529 1418 ni
566 1376 696 1418 fallor
733 1377 925 1419 editurus
965 1378 1050 1431 est3
1097 1375 1235 1418 Persii
1275 1377 1319 1417 et
1355 1374 1573 1417 Iuvenalis
1613 1373 1776 1415 amicus

226 1461 346 1501 meus
379 1445 804 1488 collationemdedit
832 1446 880 1488 in
910 1449 1082 1488 Schecle's
1120 1450 1153 1488 V
1156 1449 1347 1499 uticanis3
1387 1445 1440 1486 ad
1472 1441 1777 1499 Symmachum

228 1517 272 1557 et
303 1514 521 1558 Ciceronis
544 1513 833 1557 Scholiastam
863 1515 977 1557 idem
1007 1516 1173 1570 postea,
1206 1515 1256 1556 ut
1285 1528 1423 1568 spero,
1457 1512 1634 1566 redibit,
1666 1510 1777 1566 quod

227 1584 262 1625 si
308 1583 452 1625 minus
499 1584 673 1639 exsequi
717 1585 879 1640 poterit
921 1585 1098 1639 propter
1144 1598 1239 1625 eam
1285 1597 1458 1624 causam
1505 1595 1634 1636 quam
1673 1579 1774 1632 dixi,

229 1652 356 1701 amici
390 1653 480 1695 eius
512 1653 741 1708 curabunt,
774 1668 829 1695 116
859 1655 951 1694 tam
981 1653 1101 1694 utilis
1132 1667 1262 1707 opera
1291 1651 1421 1692 nimis
1453 1649 1525 1691 diu
1555 1649 1703 1690 lateat.

344 1720 540 1776 Scriptus
579 1724 645 1764 est
683 1722 814 1763 codex
855 1721 1199 1775 Frontonianus,
1244 1720 1363 1762 cuius
1394 1719 1558 1760 Romae
1589 1717 1777 1773 paginae

234 1791 312 1834 106
323 1824 333 1845 ,
381 1790 617 1833 Mediolani
654 1790 842 1845 paginae
879 1790 965 1832 282
1003 1791 1198 1831 servatae
1238 1790 1354 1843 sunt,
1394 1787 1510 1829 binis
1551 1786 1775 1839 columnis,

229 1874 411 1915 quarum
442 1858 639 1914 singulae
669 1867 816 1900 versus
847 1858 1012 1900 habent
1050 1857 1209 1900 XXIV.
1270 1857 1324 1899 In
1361 1855 1545 1912 singulis
1585 1854 1778 1897 versibus

228 1929 472 1970 litterarum
501 1941 706 1969 numerus
737 1941 826 1969 non
859 1928 999 1969 certus
1032 1929 1110 1981 est,
1145 1941 1242 1968 raro
1273 1928 1425 1968 tamen
1456 1925 1572 1967 infra
1603 1922 1779 1979 quinde-

231 1997 314 2039 cim
346 1996 412 2038 vel
442 2010 572 2051 supra
602 1995 773 2051 viginti.
834 1995 959 2051 Ipsae
990 1995 1161 2038 litterae
1194 1995 1411 2050 speciosae
1443 1985 1559 2048 sunt,
1593 1991 1778 2034 semiun-

231 2065 359 2107 ciales
391 2079 442 2107 ac
472 2064 600 2120 paulo
630 2064 901 2107 rotundatae.
963 2064 1028 2106 De
1060 2065 1301 2120 scripturae
1340 2065 1482 2105 aetate
1513 2061 1657 2104 variae
1687 2060 1777 2102 fue—

230 2135 334 2175 runt
362 2134 553 2176 virorum
584 2133 807 2176 doctorum
837 2133 1085 2188 opiniones:
1116 2132 1257 2175 Maius
1290 2131 1638 2188 antiquissimam
1668 2129 1777 2171 iudi-

232 2204 302 2245 cat
332 2204 378 2245 et
396 2203 481 2258 ipsi
511 2201 722 2244 Frontoni
752 2217 885 2258 prope
907 2202 1150 2258 aequalem3
1182 2201 1422 2244 Niebuhrio
1453 2200 1563 2242 liber
1592 2199 1779 2254 scriptus

232 2286 323 2314 esse
355 2271 523 2313 videtur
552 2271 681 2326 paulo
713 2273 815 2313 ante
846 2271 1020 2326 septimi
1051 2270 1211 2313 saeculi
1241 2270 1428 2312 initium.
1491 2268 1627 2310 Addit
1657 2282 1778 2322 prae-

232 2343 365 2395 terea,
400 2340 451 2382 de
481 2355 566 2395 qua
596 2354 642 2381 re
674 2339 854 2382 lectores
885 2340 1093 2382 iudicium
1122 2340 1236 2382 ferre
1267 2339 1474 2394 poterunt
1505 2352 1556 2379 ex
1587 2337 1778 2392 imagine

234 2409 323 2451 aeri
344 2400 496 2463 incisa,
529 2423 657 2464 quam
678 2408 820 2450 Maius
849 2408 1035 2463 addidit,
1068 2408 1301 2451 Frontonis
1332 2406 1490 2448 codicis
1520 2405 1779 2460 scripturam

181 2489 183 2493 ·
233 2478 280 2519 111
310 2477 535 2532 permultis
566 2477 726 2519 referre
756 2477 1075 2519 Pandectarum
1105 2477 1265 2518 librum
1295 2475 1609 2517 Florentinum.
1665 2473 1779 2515 Ean-

235 2546 331 2588 dem
371 2559 462 2588 esse
492 2545 739 2587 iuncturam
767 2545 1014 2588 litterarum
1043 2545 1084 2588 N
1117 2547 1160 2587 et
1190 2545 1248 2599 T,
1296 2557 1558 2599 quamquam
1597 2541 1682 2583 alia
1720 2541 1778 2583 di-

234 2629 359 2657 versa
389 2614 497 2669 sint,
538 2628 677 2668 neque
709 2616 917 2669 appareat
946 2615 993 2656 in
1023 2613 1318 2656 Frontoniano
1350 2611 1494 2653 codice
1532 2609 1560 2653 S
1592 2609 1697 2651 illud
1730 2624 1781 2651 ex

237 2683 405 2726 cursiva
435 2682 620 2738 petitum
651 2682 878 2737 scriptura.
939 2683 994 2724 In
1024 2683 1272 2724 universum
1303 2679 1614 2735 elegantiorem
1644 2678 1780 2720 multo

236 2752 463 2807 minusque
493 2751 750 2793 festinatum
779 2765 870 2793 esse
898 2750 1242 2792 Frontonianum
1265 2748 1468 2791 codicem.
1513 2747 1780 2803 Quamquam

235 2819 499 2863 Niebuhrius
519 2819 635 2862 Maio
663 2834 752 2861 non
782 2819 1014 2875 persuasit3
1047 2820 1248 2861 accurata
1277 2818 1471 2860 codicum
1499 2816 1780 2859 vetustiorum

202 2883 205 2886 ’
240 2888 411 2931 collatio
469 2888 732 2931 monstrabit
783 2902 880 2931 eum
932 2902 1021 2931 non
1066 2887 1198 2943 longe
1244 2868 1466 2929 aberrasse
1513 2901 1538 2927 a
1582 2885 1777 2928 veritate.
