1968 3158
0 607 3 611 -
0 324 14 576 -wv<·⁷2w--x-†-rvv-u
0 236 10 317 -www
0 224 2 227 .

776 134 967 170 PROLEG
973 133 1154 170 OMENA.
1608 144 1742 176 XXVII

199 252 374 308 scripsit
410 251 614 307 epistolas
654 251 707 293 ad
738 250 1012 294 Victorinum
1050 253 1094 292 et
1123 250 1383 293 Praecilium
1413 249 1740 304 Pompeianum,

199 322 253 365 ad
283 322 383 364 Am.
415 320 451 375 I,
488 320 552 362 14.
591 320 664 376 15,
697 320 742 362 id
772 320 884 376 quod
915 322 1222 376 argumentum
1253 318 1357 361 satis
1389 318 1593 361 declarat.

314 389 520 446 Sequenti
551 404 666 432 anno
699 389 780 431 144
809 389 855 430 in
887 389 1012 444 epist.
1036 387 1091 443 V,
1115 389 1172 430 34
1202 388 1363 430 Fronto
1395 388 1582 430 amicum
1612 403 1743 444 quen-

199 460 299 502 dam
329 473 454 501 suum
483 458 632 501 Marco
664 458 957 512 commendat3
990 457 1249 512 rescriptum
1280 456 1477 500 Caesaris
1509 459 1574 499 681
1594 457 1648 512 V,
1671 457 1741 500 35.

199 527 362 571 Contra
391 526 446 583 V,
479 528 535 570 36
573 527 731 571 Caesar
760 526 906 569 nescio
937 540 1064 581 quem
1095 526 1370 568 commendat
1400 526 1539 569 amico
1569 526 1616 568 in
1647 541 1743 582 pro-

198 597 389 639 vinciam
418 598 544 639 ituro.
586 596 750 638 Iterum
780 595 831 637 de
863 595 990 637 amici
1023 594 1245 636 cuiusdam
1275 595 1403 637 rebus
1425 597 1491 637 est
1511 595 1744 650 Frontonis

200 666 326 722 epist.
358 665 413 720 V,
446 665 516 708 37.
577 664 718 720 Epist.
751 663 807 719 V,
839 663 895 706 38
927 665 970 705 et
999 664 1056 705 39
1087 665 1190 705 sunt
1220 663 1271 705 de
1303 664 1571 706 orationibus
1602 664 1669 706 Pii
1701 666 1745 706 et

196 734 315 789 Veri,
349 734 516 789 opinor,
551 748 648 775 cum
679 733 750 775 hic
779 738 930 789 togam
960 732 1129 775 virilem
1159 735 1361 774 sumeret.
1405 732 1459 774 In
1489 732 1630 788 Epist.
1664 733 1742 788 IV,

199 805 220 845 1
254 804 298 846 et
327 802 354 844 2
385 803 531 859 agitur
569 802 620 844 de
651 801 853 857 discidio,
893 801 1007 858 quod
1044 801 1161 844 inter
1192 800 1389 844 Caesaris
1428 801 1587 843 amicos
1626 817 1744 844 exor-

197 873 290 914 tum
320 869 426 913 erat.
488 871 575 914 Res
613 886 703 913 11011
740 870 910 913 videtur
948 871 1192 913 accuratius
1231 870 1401 913 definiri
1432 885 1571 925 posse.
1634 870 1745 912 Tum

196 942 352 983 notatu
384 940 640 997 dignissima
670 942 736 982 est
767 955 834 995 ep.
867 939 945 995 IV,
977 940 1019 982 3.
1083 939 1241 982 Caesar
1279 954 1324 982 se
1362 954 1621 995 praeparare
1652 939 1746 982 vult

197 1009 401 1052 historiae
442 1009 719 1065 scribendae,
767 1009 864 1064 sed,
906 1023 1003 1050 cum
1042 1008 1269 1064 aliquoties
1312 1010 1566 1051 usus'esset
1603 1008 1744 1050 verbis

197 1079 443 1134 impropriis
480 1093 561 1121 nec
599 1080 705 1121 satis
736 1078 923 1133 idoneis,
966 1077 1155 1133 explicat
1191 1078 1401 1133 magister
1438 1068 1603 1133 quanta
1644 1092 1746 1119 cura

199 1147 443 1190 adhibenda
474 1149 531 1190 sit
560 1148 608 1190 in
639 1147 752 1203 aptis
783 1147 925 1190 verbis
956 1147 1182 1217 eligepdis.
1233 1146 1356 1197 Quod
1387 1147 1508 1189 addit
1537 1146 1746 1202 iudicium

199 1216 250 1258 de
287 1216 468 1259 vetustis
506 1216 788 1272 scriptoribus
826 1216 1036 1259 Romanis
1076 1218 1119 1258 61
1159 1216 1391 1272 praecipue
1432 1216 1483 1258 de
1523 1215 1744 1270 Cicerone,

198 1300 275 1341 per
296 1300 340 1327 se
362 1285 535 1341 quidem
564 1284 692 1327 nihili
723 1287 790 1327 est
809 1287 853 1327 et
874 1294 971 1327 cum
1001 1286 1237 1328 iactatione
1269 1285 1453 1340 dictum,
1487 1285 1561 1327 sed
1590 1299 1746 1340 operae

198 1354 386 1410 pretium
417 1356 483 1396 est
512 1354 619 1396 talia
650 1354 1008 1410 animadvertere,
1028 1356 1091 1396 ·ut
1121 1354 1261 1396 discas
1292 1354 1395 1410 quid
1425 1354 1511 1396 illis
1541 1353 1746 1409 tempori-

202 1424 279 1466 bus
310 1423 496 1466 Romani
529 1423 580 1465 de
612 1423 919 1466 vetustioribus
950 1423 1232 1479 scriptoribus
1264 1423 1526 1478 censuerint,
1561 1438 1658 1469 cum
1680 1422 1746 1465 Ci-

201 1507 298 1534 cero
329 1494 372 1534 et
402 1491 610 1534 Horatius
642 1492 865 1534 sorderent
903 1507 1007 1548 prae
1039 1492 1244 1535 Sallustio
1285 1494 1328 1534 et
1365 1492 1524 1534 Ennio.
1586 1491 1747 1533 Vinde-

199 1562 384 1603 miarum
427 1563 622 1616 tempore
660 1560 818 1604 Caesar
863 1561 1013 1603 scribit
1049 1560 1127 1616 IV,
1167 1561 1196 1602 4
1235 1563 1278 1603 et
1315 1561 1444 1603 facile
1484 1563 1550 1602 est
1587 1560 1745 1614 videre,

200 1632 364 1686 quanto
394 1630 551 1686 flagret
590 1629 865 1685 antiquitatis
905 1630 1059 1671 studio.
1120 1629 1274 1685 Itaque
1312 1629 1461 1685 rediit,
1503 1629 1580 1683 IV,
1613 1629 1654 1683 5,
1695 1628 1749 1670 ad

200 1700 367 1741 veteres
398 1714 498 1740 suas
529 1698 705 1741 delicias
737 1698 961 1741 Catonem.
1024 1698 1129 1740 Post
1166 1698 1295 1740 breve
1333 1698 1612 1740 intervallum
1650 1697 1747 1739 sub-

201 1768 440 1823 sequuntur
461 1767 586 1823 epist.
611 1767 687 1822 IV,
720 1768 746 1810 6
769 1769 812 1810 61
834 1769 879 1810 7:
912 1769 1015 1809 sunt
1045 1768 1250 1823 quattuor
1272 1767 1480 1823 epistolae
1502 1766 1745 1821 Tullianae,

200 1851 304 1879 nam
334 1851 389 1878 ne
419 1837 531 1878 mica
561 1836 734 1892 quidem
765 1836 866 1878 salis
896 1836 1024 1878 inest.

317 1904 434 1954 Quae
465 1907 699 1960 supersunt
729 1905 935 1961 epistolae
967 1905 1021 1947 ad
1050 1905 1110 1946 M.
1145 1904 1395 1960 Caesarem,
1436 1919 1585 1946 omnes
1625 1905 1748 1946 datas

203 1989 294 2016 esse
334 1963 874 2029 suspicor‘vindemiarum
911 1975 1106 2029 tempore
1145 1974 1251 2016 anni
1291 1974 1386 2016 145.
1450 1973 1562 2016 sunt
1597 1973 1748 2015 breves

202 2042 410 2098 epistolae
430 2041 484 2098 V,
508 2042 664 2097 5—-21,
696 2043 743 2084 in
772 2042 926 2098 quibus
956 2043 1047 2085 fere
1077 2042 1189 2084 nihil
1218 2043 1413 2085 invenies
1444 2044 1749 2098 praeterquam

156 2142 162 2146 ·
203 2111 254 2153 de
285 2111 474 2166 corporis
505 2111 742 2167 doloribus,
791 2126 896 2167 quos
926 2111 1089 2154 Fronto
1120 2113 1375 2167 perpetitur.
1438 2111 1602 2154 Eodem
1634 2126 1749 2164 anno

202 2180 426 2235 scripsisse
463 2180 633 2222 videtur
678 2180 904 2236 epistolam
943 2180 1141 2235 quintam
1188 2181 1242 2222 ad
1286 2180 1562 2222 Antoninum
1606 2180 1746 2235 Pium,

202 2248 300 2290 initi
347 2249 514 2304 imperii
566 2249 655 2304 die,
702 2264 858 2304 nempe
906 2249 974 2291 die
1020 2250 1174 2304 quarto
1219 2249 1283 2291 Id.
1333 2250 1518 2306 August.
1591 2249 1749 2291 Exstat

203 2316 481 2373 Imperatoris
525 2317 798 2372 rescriptum.
860 2317 1060 2360 Proxime
1106 2318 1300 2374 sequitur
1345 2318 1528 2373 epistola
1574 2319 1627 2360 ad
1659 2319 1748 2360 An-

203 2382 296 2428 1011.
335 2384 461 2428 Pium
499 2387 548 2441 8,
587 2387 633 2428 in
673 2402 758 2442 qua
797 2386 959 2429 Fronto
999 2402 1096 2428 cum
1133 2386 1330 2442 principe
1370 2387 1659 2428 communicat
1705 2401 1749 2428 se

204 2453 450 2496 valetudine
486 2455 707 2510 impediri,
756 2470 840 2511 quo
884 2455 1028 2511 minus
1065 2455 1371 2510 proconsulare
1407 2470 1564 2496 munus
1605 2456 1746 2497 obeat.

205 2522 304 2564 Huc
346 2522 604 2564 reiiciendae
646 2525 743 2565 octo
795 2523 1002 2578 epistolae
1048 2523 1101 2566 V.
1141 2524 1327 2578 22—29,
1375 2523 1420 2565 in
1453 2523 1608 2578 quibus
1654 2538 1749 2579 per-

204 2594 335 2648 petuo
397 2605 535 2633 sermo
595 2591 647 2633 fit
698 2592 750 2633 de
812 2592 1080 2648 argumentis
1139 2591 1524 2646 declamationum,
1593 2592 1749 2647 quibus

205 2661 364 2704 Caesar
394 2674 438 2701 se
470 2662 681 2701 exerceat.
743 2659 967 2716 Discipulo
1005 2661 1237 2716 displicent
1267 2675 1376 2715 quae
1414 2660 1625 2716 magister
1653 2676 1749 2716 pro-

205 2729 349 2786 ponit,
381 2731 424 2770 et
452 2729 593 2784 magis
624 2728 832 2770 miramur
862 2743 959 2770 eum
990 2729 1085 2771 istis
1115 2728 1293 2783 ineptiis
1322 2730 1413 2770 tam
1444 2728 1516 2770 diu
1549 2730 1646 2784 capi
1675 2743 1749 2785 po-

206 2799 354 2842 tuisse.
416 2784 628 2839 Ultim‘am
659 2797 718 2839 M.
753 2796 949 2839 Caesaris
981 2797 1209 2853 epistolam
1240 2811 1331 2839 esse
1364 2796 1546 2839 coniicio
1575 2797 1653 2853 IV,
1680 2799 1746 2852 13,

206 2867 254 2909 in
292 2881 379 2922 qua
410 2865 659 2909 adolescens
697 2865 854 2922 viginti
894 2865 1083 2923 quinque
1115 2880 1251 2908 annos
1282 2867 1410 2910 natus
1449 2865 1554 2909 satis
1584 2867 1748 2926 perspi-
