<?xml version="1.0" encoding="UTF-8"?>
<!DOCTYPE html PUBLIC "-//W3C//DTD XHTML 1.0 Transitional//EN"
    "http://www.w3.org/TR/xhtml1/DTD/xhtml1-transitional.dtd">
<html xmlns="http://www.w3.org/1999/xhtml" xml:lang="en" lang="en">
 <head>
  <title>
</title>
<meta http-equiv="Content-Type" content="text/html;charset=utf-8" />
  <meta name='ocr-system' content='tesseract 3.04.00' />
  <meta name='ocr-capabilities' content='ocr_page ocr_carea ocr_par ocr_line ocrx_word'/>
</head>
<body>
  <div class='ocr_page' id='page_1' title='image "./mcorneliifronton00fronuoft_0150.png"; bbox 0 0 1968 3158; ppageno 0'>
   <div class='ocr_carea' id='block_1_1' title="bbox 251 160 1496 209">
    <p class='ocr_par' dir='ltr' id='par_1_1' title="bbox 251 160 1496 209">
     <span class='ocr_line' id='line_1_1' title="bbox 251 160 1496 209; baseline -0.002 -9"><span class='ocrx_word' id='word_1_1' title='bbox 251 168 333 209; x_wconf 85' lang='lat'><em>110</em></span> <span class='ocrx_word' id='word_1_2' title='bbox 538 165 585 199; x_wconf 92' lang='lat' dir='ltr'><em>M.</em></span> <span class='ocrx_word' id='word_1_3' title='bbox 606 162 831 199; x_wconf 87' lang='lat' dir='ltr'>CORNELII</span> <span class='ocrx_word' id='word_1_4' title='bbox 854 160 1131 198; x_wconf 82' lang='lat' dir='ltr'>FRONTONIS</span> <span class='ocrx_word' id='word_1_5' title='bbox 1154 160 1496 198; x_wconf 84' lang='lat' dir='ltr'><strong>EPISTULARUM</strong></span> 
     </span>
    </p>
   </div>
   <div class='ocr_carea' id='block_1_2' title="bbox 236 278 1787 1749">
    <p class='ocr_par' dir='ltr' id='par_1_2' title="bbox 236 278 1777 1214">
     <span class='ocr_line' id='line_1_2' title="bbox 246 278 1774 332; baseline -0.003 -11"><span class='ocrx_word' id='word_1_6' title='bbox 246 285 480 332; x_wconf 79' lang='lat' dir='ltr'><em>plerumque</em></span> <span class='ocrx_word' id='word_1_7' title='bbox 509 282 650 319; x_wconf 76' lang='lat' dir='ltr'><em>milites</em></span> <span class='ocrx_word' id='word_1_8' title='bbox 679 281 720 318; x_wconf 93' lang='lat' dir='ltr'><em>in</em></span> <span class='ocrx_word' id='word_1_9' title='bbox 750 280 907 318; x_wconf 80' lang='lat' dir='ltr'><em>stativis</em></span> <span class='ocrx_word' id='word_1_10' title='bbox 934 280 1081 318; x_wconf 77' lang='lat' dir='ltr'><em>castris</em></span> <span class='ocrx_word' id='word_1_11' title='bbox 1111 278 1303 323; x_wconf 73' lang='lat' dir='ltr'><em>habebat:</em></span> <span class='ocrx_word' id='word_1_12' title='bbox 1347 280 1429 317; x_wconf 85' lang='lat' dir='ltr'><em>nisi</em></span> <span class='ocrx_word' id='word_1_13' title='bbox 1454 289 1543 318; x_wconf 88' lang='lat' dir='ltr'><em>cum</em></span> <span class='ocrx_word' id='word_1_14' title='bbox 1574 279 1671 317; x_wconf 85' lang='lat' dir='ltr'><em>odos</em></span> <span class='ocrx_word' id='word_1_15' title='bbox 1701 281 1774 318; x_wconf 84' lang='lat' dir='ltr'><em>aut</em></span> 
     </span>
     <span class='ocr_line' id='line_1_3' title="bbox 244 345 1772 399; baseline -0.001 -11"><span class='ocrx_word' id='word_1_16' title='bbox 244 351 388 399; x_wconf 78' lang='lat' dir='ltr'><em>pabuli</em></span> <span class='ocrx_word' id='word_1_17' title='bbox 422 354 576 397; x_wconf 68' lang='lat' dir='ltr'><em>eyestas</em></span> <span class='ocrx_word' id='word_1_18' title='bbox 613 349 742 386; x_wconf 89' lang='lat' dir='ltr'><em>locum</em></span> <span class='ocrx_word' id='word_1_19' title='bbox 779 351 939 385; x_wconf 88' lang='lat' dir='ltr'><em>mutare</em></span> <span class='ocrx_word' id='word_1_20' title='bbox 967 347 1194 395; x_wconf 73' lang='lat' dir='ltr'><em>subeqerat.</em></span> <span class='ocrx_word' id='word_1_21' title='bbox 1260 345 1344 384; x_wconf 83' lang='lat' dir='ltr'><em>Sed</em></span> <span class='ocrx_word' id='word_1_22' title='bbox 1379 357 1504 394; x_wconf 87' lang='lat' dir='ltr'><em>neque</em></span> <span class='ocrx_word' id='word_1_23' title='bbox 1541 347 1772 386; x_wconf 79' lang='lat' dir='ltr'><em>munieban-</em></span> 
     </span>
     <span class='ocr_line' id='line_1_4' title="bbox 248 414 1772 465; baseline -0.003 -9"><span class='ocrx_word' id='word_1_24' title='bbox 248 414 339 456; x_wconf 88' lang='lat' dir='ltr'><em>tur¹</em></span> <span class='ocrx_word' id='word_1_25' title='bbox 381 426 507 465; x_wconf 81' lang='lat' dir='ltr'><em>neque</em></span> <span class='ocrx_word' id='word_1_26' title='bbox 543 426 654 454; x_wconf 88' lang='lat' dir='ltr'><em>more</em></span> <span class='ocrx_word' id='word_1_27' title='bbox 683 415 853 453; x_wconf 89' lang='lat' dir='ltr'><em>militari</em></span> <span class='ocrx_word' id='word_1_28' title='bbox 879 415 1042 463; x_wconf 71' lang='lat' dir='ltr'><em>viqiliae</em></span> <span class='ocrx_word' id='word_1_29' title='bbox 1071 414 1399 453; x_wconf 81' lang='lat' dir='ltr'><em>deducebantur:</em></span> <span class='ocrx_word' id='word_1_30' title='bbox 1437 417 1481 452; x_wconf 83' lang='lat' dir='ltr'><em>ut</em></span> <span class='ocrx_word' id='word_1_31' title='bbox 1508 415 1652 462; x_wconf 81' lang='lat' dir='ltr'><em>cuique</em></span> <span class='ocrx_word' id='word_1_32' title='bbox 1680 414 1772 452; x_wconf 86' lang='lat' dir='ltr'><em>libe-</em></span> 
     </span>
     <span class='ocr_line' id='line_1_5' title="bbox 246 477 1773 531; baseline -0.002 -9"><span class='ocrx_word' id='word_1_33' title='bbox 246 486 333 529; x_wconf 82' lang='lat' dir='ltr'><em>bat,</em></span> <span class='ocrx_word' id='word_1_34' title='bbox 392 483 443 521; x_wconf 83' lang='lat' dir='ltr'><em>ab</em></span> <span class='ocrx_word' id='word_1_35' title='bbox 489 484 614 531; x_wconf 65' lang='lat' dir='ltr'><em>sionis</em></span> <span class='ocrx_word' id='word_1_36' title='bbox 656 483 809 521; x_wconf 84' lang='lat' dir='ltr'><em>aberat.</em></span> <span class='ocrx_word' id='word_1_37' title='bbox 881 482 1013 521; x_wconf 79' lang='lat' dir='ltr'><em>Lixae</em></span> <span class='ocrx_word' id='word_1_38' title='bbox 1062 482 1259 531; x_wconf 76' lang='lat' dir='ltr'><em>permixti</em></span> <span class='ocrx_word' id='word_1_39' title='bbox 1306 491 1395 520; x_wconf 89' lang='lat' dir='ltr'><em>cum</em></span> <span class='ocrx_word' id='word_1_40' title='bbox 1446 481 1635 520; x_wconf 78' lang='lat' dir='ltr'><em>militibus</em></span> <span class='ocrx_word' id='word_1_41' title='bbox 1678 477 1773 519; x_wconf 83' lang='lat' dir='ltr'><em>diu2</em></span> 
     </span>
     <span class='ocr_line' id='line_1_6' title="bbox 247 549 1771 600; baseline -0.003 -9"><span class='ocrx_word' id='word_1_42' title='bbox 247 556 445 600; x_wconf 83' lang='lat' dir='ltr'><em>noctuque</em></span> <span class='ocrx_word' id='word_1_43' title='bbox 473 551 750 598; x_wconf 71' lang='lat' dir='ltr'><em>vaqabantur:</em></span> <span class='ocrx_word' id='word_1_44' title='bbox 774 551 968 599; x_wconf 81' lang='lat' dir='ltr'><em>palantes</em></span> <span class='ocrx_word' id='word_1_45' title='bbox 1001 560 1124 599; x_wconf 64' lang='lat' dir='ltr'><em>aoros</em></span> <span class='ocrx_word' id='word_1_46' title='bbox 1154 553 1330 597; x_wconf 83' lang='lat' dir='ltr'><em>vastare,</em></span> <span class='ocrx_word' id='word_1_47' title='bbox 1370 549 1488 587; x_wconf 83' lang='lat' dir='ltr'><em>villas</em></span> <span class='ocrx_word' id='word_1_48' title='bbox 1516 558 1771 597; x_wconf 72' lang='lat' dir='ltr'><em>expuqnare,</em></span> 
     </span>
     <span class='ocr_line' id='line_1_7' title="bbox 244 618 1776 668; baseline -0.002 -11"><span class='ocrx_word' id='word_1_49' title='bbox 244 620 401 668; x_wconf 82' lang='lat' dir='ltr'><em>pecoris</em></span> <span class='ocrx_word' id='word_1_50' title='bbox 431 622 468 657; x_wconf 92' lang='lat' dir='ltr'><em>et</em></span> <span class='ocrx_word' id='word_1_51' title='bbox 496 619 792 667; x_wconf 78' lang='lat' dir='ltr'><em>mancipiorum</em></span> <span class='ocrx_word' id='word_1_52' title='bbox 822 618 1009 667; x_wconf 78' lang='lat' dir='ltr'><em>praedas</em></span> <span class='ocrx_word' id='word_1_53' title='bbox 1045 621 1249 656; x_wconf 81' lang='lat' dir='ltr'><em>certantes</em></span> <span class='ocrx_word' id='word_1_54' title='bbox 1279 627 1415 667; x_wconf 73' lang='lat' dir='ltr'><em>aqere,</em></span> <span class='ocrx_word' id='word_1_55' title='bbox 1454 627 1583 665; x_wconf 80' lang='lat' dir='ltr'><em>eaque</em></span> <span class='ocrx_word' id='word_1_56' title='bbox 1619 620 1776 655; x_wconf 88' lang='lat' dir='ltr'><em>mutare</em></span> 
     </span>
     <span class='ocr_line' id='line_1_8' title="bbox 247 682 1773 733; baseline -0.002 -8"><span class='ocrx_word' id='word_1_57' title='bbox 247 698 336 726; x_wconf 73' lang='lat' dir='ltr'><em>cuin</em></span> <span class='ocrx_word' id='word_1_58' title='bbox 366 686 660 725; x_wconf 77' lang='lat' dir='ltr'><em>mercatoribus</em></span> <span class='ocrx_word' id='word_1_59' title='bbox 689 686 780 724; x_wconf 82' lang='lat' dir='ltr'><em>vino</em></span> <span class='ocrx_word' id='word_1_60' title='bbox 811 686 1033 724; x_wconf 80' lang='lat' dir='ltr'><em>advecticio</em></span> <span class='ocrx_word' id='word_1_61' title='bbox 1063 689 1101 723; x_wconf 91' lang='lat' dir='ltr'><em>et</em></span> <span class='ocrx_word' id='word_1_62' title='bbox 1130 686 1222 723; x_wconf 82' lang='lat' dir='ltr'><em>aliis</em></span> <span class='ocrx_word' id='word_1_63' title='bbox 1245 684 1408 728; x_wconf 86' lang='lat' dir='ltr'><em>talibus;</em></span> <span class='ocrx_word' id='word_1_64' title='bbox 1437 687 1657 733; x_wconf 78' lang='lat' dir='ltr'><em>praeterea</em></span> <span class='ocrx_word' id='word_1_65' title='bbox 1671 682 1773 731; x_wconf 86' lang='lat' dir='ltr'><em>fru-</em></span> 
     </span>
     <span class='ocr_line' id='line_1_9' title="bbox 247 752 1776 802; baseline -0.002 -10"><span class='ocrx_word' id='word_1_66' title='bbox 247 758 418 793; x_wconf 84' lang='lat' dir='ltr'><em>mentum</em></span> <span class='ocrx_word' id='word_1_67' title='bbox 445 754 606 802; x_wconf 82' lang='lat' dir='ltr'><em>publice</em></span> <span class='ocrx_word' id='word_1_68' title='bbox 636 755 774 793; x_wconf 85' lang='lat' dir='ltr'><em>datum</em></span> <span class='ocrx_word' id='word_1_69' title='bbox 795 754 981 801; x_wconf 84' lang='lat' dir='ltr'><em>vendere,</em></span> <span class='ocrx_word' id='word_1_70' title='bbox 1011 762 1163 802; x_wconf 82' lang='lat' dir='ltr'><em>panem</em></span> <span class='ocrx_word' id='word_1_71' title='bbox 1183 753 1330 791; x_wconf 84' lang='lat' dir='ltr'><em>indies</em></span> <span class='ocrx_word' id='word_1_72' title='bbox 1349 752 1547 790; x_wconf 87' lang='lat' dir='ltr'><em>mercari:</em></span> <span class='ocrx_word' id='word_1_73' title='bbox 1570 754 1776 801; x_wconf 81' lang='lat' dir='ltr'><em>postremo</em></span> 
     </span>
     <span class='ocr_line' id='line_1_10' title="bbox 248 819 1772 870; baseline -0.002 -10"><span class='ocrx_word' id='word_1_74' title='bbox 248 832 519 870; x_wconf 82' lang='lat' dir='ltr'><em>quaecumque</em></span> <span class='ocrx_word' id='word_1_75' title='bbox 555 822 640 860; x_wconf 85' lang='lat' dir='ltr'><em>dici</em></span> <span class='ocrx_word' id='word_1_76' title='bbox 674 825 745 860; x_wconf 86' lang='lat' dir='ltr'><em>aut</em></span> <span class='ocrx_word' id='word_1_77' title='bbox 771 822 874 869; x_wconf 70' lang='lat' dir='ltr'><em>sinqi</em></span> <span class='ocrx_word' id='word_1_78' title='bbox 903 824 1051 869; x_wconf 83' lang='lat' dir='ltr'><em>queunt</em></span> <span class='ocrx_word' id='word_1_79' title='bbox 1087 821 1274 868; x_wconf 75' lang='lat' dir='ltr'><em>iqnaviae</em></span> <span class='ocrx_word' id='word_1_80' title='bbox 1309 820 1581 868; x_wconf 77' lang='lat' dir='ltr'><em>luxuriaeque</em></span> <span class='ocrx_word' id='word_1_81' title='bbox 1602 819 1772 868; x_wconf 79' lang='lat' dir='ltr'><em>probra,</em></span> 
     </span>
     <span class='ocr_line' id='line_1_11' title="bbox 248 885 1776 936; baseline -0.001 -10"><span class='ocrx_word' id='word_1_82' title='bbox 248 900 297 927; x_wconf 86' lang='lat' dir='ltr'><em>ea</em></span> <span class='ocrx_word' id='word_1_83' title='bbox 327 890 368 927; x_wconf 94' lang='lat' dir='ltr'><em>in</em></span> <span class='ocrx_word' id='word_1_84' title='bbox 399 890 467 928; x_wconf 90' lang='lat' dir='ltr'><em>illo</em></span> <span class='ocrx_word' id='word_1_85' title='bbox 497 890 677 927; x_wconf 76' lang='lat' dir='ltr'><em>exercitu</em></span> <span class='ocrx_word' id='word_1_86' title='bbox 706 892 852 927; x_wconf 89' lang='lat' dir='ltr'><em>cuncta</em></span> <span class='ocrx_word' id='word_1_87' title='bbox 878 887 999 935; x_wconf 85' lang='lat' dir='ltr'><em>fuere</em></span> <span class='ocrx_word' id='word_1_88' title='bbox 1028 893 1066 926; x_wconf 89' lang='lat' dir='ltr'><em>et</em></span> <span class='ocrx_word' id='word_1_89' title='bbox 1094 889 1179 926; x_wconf 90' lang='lat' dir='ltr'><em>alia</em></span> <span class='ocrx_word' id='word_1_90' title='bbox 1201 888 1382 936; x_wconf 85' lang='lat' dir='ltr'><em>amplius.</em></span> <span class='ocrx_word' id='word_1_91' title='bbox 1434 886 1518 925; x_wconf 83' lang='lat' dir='ltr'><em>Sed</em></span> <span class='ocrx_word' id='word_1_92' title='bbox 1546 888 1587 925; x_wconf 90' lang='lat' dir='ltr'><em>in</em></span> <span class='ocrx_word' id='word_1_93' title='bbox 1616 897 1664 924; x_wconf 91' lang='lat' dir='ltr'><em>ea</em></span> <span class='ocrx_word' id='word_1_94' title='bbox 1694 885 1776 934; x_wconf 83' lang='lat' dir='ltr'><em>dif-</em></span> 
     </span>
     <span class='ocr_line' id='line_1_12' title="bbox 245 954 1776 1004; baseline -0.001 -9"><span class='ocrx_word' id='word_1_95' title='bbox 245 958 425 1004; x_wconf 78' lang='lat' dir='ltr'><em>ficultate</em></span> <span class='ocrx_word' id='word_1_96' title='bbox 445 957 676 995; x_wconf 68' lang='lat' dir='ltr'><em>Metelluma</em></span> <span class='ocrx_word' id='word_1_97' title='bbox 706 967 786 995; x_wconf 92' lang='lat' dir='ltr'><em>non</em></span> <span class='ocrx_word' id='word_1_98' title='bbox 815 957 945 995; x_wconf 87' lang='lat' dir='ltr'><em>minus</em></span> <span class='ocrx_word' id='word_1_99' title='bbox 975 965 1096 1004; x_wconf 82' lang='lat' dir='ltr'><em>quam</em></span> <span class='ocrx_word' id='word_1_100' title='bbox 1133 956 1174 994; x_wconf 88' lang='lat' dir='ltr'><em>in</em></span> <span class='ocrx_word' id='word_1_101' title='bbox 1205 955 1323 994; x_wconf 83' lang='lat' dir='ltr'><em>rebus</em></span> <span class='ocrx_word' id='word_1_102' title='bbox 1352 954 1558 993; x_wconf 79' lang='lat' dir='ltr'><em>hostilibus</em></span> <span class='ocrx_word' id='word_1_103' title='bbox 1586 965 1776 1002; x_wconf 56' lang='lat' dir='ltr'><em>maenum</em></span> 
     </span>
     <span class='ocr_line' id='line_1_13' title="bbox 248 1019 1777 1077; baseline -0.001 -15"><span class='ocrx_word' id='word_1_104' title='bbox 248 1028 287 1062; x_wconf 88' lang='lat' dir='ltr'><em>et</em></span> <span class='ocrx_word' id='word_1_105' title='bbox 314 1026 535 1073; x_wconf 82' lang='lat' dir='ltr'><em>sapientem</em></span> <span class='ocrx_word' id='word_1_106' title='bbox 573 1025 701 1063; x_wconf 83' lang='lat' dir='ltr'><em>virum</em></span> <span class='ocrx_word' id='word_1_107' title='bbox 727 1022 856 1070; x_wconf 87' lang='lat' dir='ltr'><em>fuisse</em></span> <span class='ocrx_word' id='word_1_108' title='bbox 890 1019 1170 1077; x_wconf 83' lang='lat' dir='ltr'><em>[comperior],</em></span> <span class='ocrx_word' id='word_1_109' title='bbox 1211 1026 1326 1061; x_wconf 87' lang='lat' dir='ltr'><em>tanta</em></span> <span class='ocrx_word' id='word_1_110' title='bbox 1364 1023 1632 1071; x_wconf 75' lang='lat' dir='ltr'><em>temperantia</em></span> <span class='ocrx_word' id='word_1_111' title='bbox 1671 1023 1777 1061; x_wconf 86' lang='lat' dir='ltr'><em>inter</em></span> 
     </span>
     <span class='ocr_line' id='line_1_14' title="bbox 249 1086 1773 1142; baseline -0.001 -12"><span class='ocrx_word' id='word_1_112' title='bbox 249 1092 517 1136; x_wconf 80' lang='lat' dir='ltr'><em>ambitionem,</em></span> <span class='ocrx_word' id='word_1_113' title='bbox 560 1093 768 1130; x_wconf 86' lang='lat' dir='ltr'><em>saevitiam</em></span> <span class='ocrx_word' id='word_1_114' title='bbox 801 1121 808 1129; x_wconf 90' lang='lat'><em>.</em></span> <span class='ocrx_word' id='word_1_115' title='bbox 843 1120 853 1130; x_wconf 87' lang='lat'><strong>.</strong></span> <span class='ocrx_word' id='word_1_116' title='bbox 893 1087 1053 1129; x_wconf 90' lang='lat' dir='ltr'><em>Animo</em></span> <span class='ocrx_word' id='word_1_117' title='bbox 1075 1086 1107 1142; x_wconf 79' lang='grc'><em>31</em></span> <span class='ocrx_word' id='word_1_118' title='bbox 1135 1119 1489 1128; x_wconf 89' lang='lat'><strong>.........</strong></span> <span class='ocrx_word' id='word_1_119' title='bbox 1521 1088 1690 1128; x_wconf 83' lang='lat' dir='ltr'><em>suetum</em></span> <span class='ocrx_word' id='word_1_120' title='bbox 1721 1119 1730 1128; x_wconf 93' lang='lat'><em>.</em></span> <span class='ocrx_word' id='word_1_121' title='bbox 1765 1119 1773 1128; x_wconf 96' lang='lat'><em>.</em></span> 
     </span>
     <span class='ocr_line' id='line_1_15' title="bbox 236 1153 1718 1214; baseline -0.001 -17"><span class='ocrx_word' id='word_1_122' title='bbox 236 1154 457 1214; x_wconf 64' lang='lat' dir='ltr'><em>»ava[rum]</em></span> <span class='ocrx_word' id='word_1_123' title='bbox 494 1190 502 1198; x_wconf 91' lang='lat'><strong>.</strong></span> <span class='ocrx_word' id='word_1_124' title='bbox 527 1189 536 1197; x_wconf 90' lang='lat'><em>.</em></span> <span class='ocrx_word' id='word_1_125' title='bbox 567 1154 779 1212; x_wconf 80' lang='lat' dir='ltr'><em>iniu[rias]</em></span> <span class='ocrx_word' id='word_1_126' title='bbox 813 1154 1034 1196; x_wconf 70' lang='lat' dir='ltr'><em>habuisset</em></span> <span class='ocrx_word' id='word_1_127' title='bbox 1065 1188 1074 1196; x_wconf 90' lang='lat'><strong>.</strong></span> <span class='ocrx_word' id='word_1_128' title='bbox 1099 1188 1107 1196; x_wconf 91' lang='lat'><strong>.</strong></span> <span class='ocrx_word' id='word_1_129' title='bbox 1141 1154 1194 1195; x_wconf 83' lang='lat' dir='ltr'><em>ab</em></span> <span class='ocrx_word' id='word_1_130' title='bbox 1224 1153 1298 1195; x_wconf 90' lang='lat' dir='ltr'><em>illo</em></span> <span class='ocrx_word' id='word_1_131' title='bbox 1330 1173 1349 1195; x_wconf 92' lang='lat'><em>.·</em></span> <span class='ocrx_word' id='word_1_132' title='bbox 1374 1188 1382 1195; x_wconf 95' lang='lat'><em>.</em></span> <span class='ocrx_word' id='word_1_133' title='bbox 1415 1168 1486 1195; x_wconf 84' lang='lat' dir='ltr'><em>sae</em></span> <span class='ocrx_word' id='word_1_134' title='bbox 1518 1187 1527 1195; x_wconf 91' lang='lat'><em>.</em></span> <span class='ocrx_word' id='word_1_135' title='bbox 1555 1187 1564 1196; x_wconf 93' lang='lat'><em>.</em></span> <span class='ocrx_word' id='word_1_136' title='bbox 1596 1153 1718 1196; x_wconf 88' lang='lat' dir='ltr'><em>bene.</em></span> 
     </span>
    </p>

    <p class='ocr_par' dir='ltr' id='par_1_3' title="bbox 363 1222 1163 1278">
     <span class='ocr_line' id='line_1_16' title="bbox 363 1222 1163 1278; baseline -0.001 -13"><span class='ocrx_word' id='word_1_137' title='bbox 363 1223 511 1265; x_wconf 53' lang='lat' dir='ltr'><em>“Sed„</em></span> <span class='ocrx_word' id='word_1_138' title='bbox 546 1257 554 1265; x_wconf 93' lang='lat'><em>.</em></span> <span class='ocrx_word' id='word_1_139' title='bbox 589 1257 597 1265; x_wconf 90' lang='lat'><em>.</em></span> <span class='ocrx_word' id='word_1_140' title='bbox 630 1225 673 1264; x_wconf 89' lang='lat' dir='ltr'><em>et</em></span> <span class='ocrx_word' id='word_1_141' title='bbox 701 1222 992 1278; x_wconf 84' lang='lat' dir='ltr'><em>voluptatibus</em></span> <span class='ocrx_word' id='word_1_142' title='bbox 1025 1256 1033 1264; x_wconf 93' lang='lat'><em>.</em></span> <span class='ocrx_word' id='word_1_143' title='bbox 1068 1256 1076 1264; x_wconf 91' lang='lat'><em>.</em></span> <span class='ocrx_word' id='word_1_144' title='bbox 1111 1256 1119 1263; x_wconf 97' lang='lat'><em>.</em></span> <span class='ocrx_word' id='word_1_145' title='bbox 1155 1255 1163 1263; x_wconf 93' lang='lat'><em>.</em></span> 
     </span>
    </p>

    <p class='ocr_par' dir='ltr' id='par_1_4' title="bbox 244 1290 1787 1749">
     <span class='ocr_line' id='line_1_17' title="bbox 365 1290 1776 1342; baseline -0.001 -9"><span class='ocrx_word' id='word_1_146' title='bbox 365 1291 472 1333; x_wconf 55' lang='grc' dir='ltr'><em>ι5,δέιῖ</em></span> <span class='ocrx_word' id='word_1_147' title='bbox 500 1296 541 1333; x_wconf 93' lang='lat' dir='ltr'><em>in</em></span> <span class='ocrx_word' id='word_1_148' title='bbox 570 1295 632 1333; x_wconf 75' lang='lat' dir='ltr'><em>liis</em></span> <span class='ocrx_word' id='word_1_149' title='bbox 660 1298 751 1332; x_wconf 88' lang='lat' dir='ltr'><em>erat</em></span> <span class='ocrx_word' id='word_1_150' title='bbox 780 1293 1017 1342; x_wconf 84' lang='lat' dir='ltr'><em>Sempronia</em></span> <span class='ocrx_word' id='word_1_151' title='bbox 1029 1290 1059 1340; x_wconf 80' lang='lat' dir='ltr'><em>b,</em></span> <span class='ocrx_word' id='word_1_152' title='bbox 1102 1303 1205 1341; x_wconf 83' lang='lat' dir='ltr'><em>quae</em></span> <span class='ocrx_word' id='word_1_153' title='bbox 1233 1294 1359 1332; x_wconf 90' lang='lat' dir='ltr'><em>multa</em></span> <span class='ocrx_word' id='word_1_154' title='bbox 1387 1302 1509 1342; x_wconf 78' lang='lat' dir='ltr'><em>saepe</em></span> <span class='ocrx_word' id='word_1_155' title='bbox 1537 1293 1667 1332; x_wconf 83' lang='lat' dir='ltr'><em>virilis</em></span> <span class='ocrx_word' id='word_1_156' title='bbox 1696 1303 1776 1332; x_wconf 87' lang='lat' dir='ltr'><em>au-</em></span> 
     </span>
     <span class='ocr_line' id='line_1_18' title="bbox 251 1360 1773 1410; baseline -0.001 -10"><span class='ocrx_word' id='word_1_157' title='bbox 251 1362 396 1401; x_wconf 79' lang='lat' dir='ltr'><em>daciae</em></span> <span class='ocrx_word' id='word_1_158' title='bbox 418 1362 615 1410; x_wconf 88' lang='lat' dir='ltr'><em>facinora</em></span> <span class='ocrx_word' id='word_1_159' title='bbox 644 1363 908 1401; x_wconf 82' lang='lat' dir='ltr'><em>commiserat.</em></span> <span class='ocrx_word' id='word_1_160' title='bbox 971 1361 1084 1399; x_wconf 88' lang='lat' dir='ltr'><em>Haec</em></span> <span class='ocrx_word' id='word_1_161' title='bbox 1112 1362 1259 1400; x_wconf 91' lang='lat' dir='ltr'><em>mulier</em></span> <span class='ocrx_word' id='word_1_162' title='bbox 1292 1371 1442 1408; x_wconf 69' lang='lat' dir='ltr'><em>qenere</em></span> <span class='ocrx_word' id='word_1_163' title='bbox 1471 1365 1593 1409; x_wconf 82' lang='lat' dir='ltr'><em>atque</em></span> <span class='ocrx_word' id='word_1_164' title='bbox 1617 1360 1773 1408; x_wconf 82' lang='lat' dir='ltr'><em>forma,</em></span> 
     </span>
     <span class='ocr_line' id='line_1_19' title="bbox 244 1428 1779 1478; baseline 0 -11"><span class='ocrx_word' id='word_1_165' title='bbox 244 1434 466 1478; x_wconf 76' lang='lat' dir='ltr'><em>praeterea</em></span> <span class='ocrx_word' id='word_1_166' title='bbox 496 1431 583 1468; x_wconf 88' lang='lat' dir='ltr'><em>viro</em></span> <span class='ocrx_word' id='word_1_167' title='bbox 612 1429 747 1469; x_wconf 86' lang='lat' dir='ltr'><em>liberis</em></span> <span class='ocrx_word' id='word_1_168' title='bbox 779 1431 878 1468; x_wconf 90' lang='lat' dir='ltr'><em>satis</em></span> <span class='ocrx_word' id='word_1_169' title='bbox 909 1428 1153 1476; x_wconf 86' lang='lat' dir='ltr'><em>fortunata:</em></span> <span class='ocrx_word' id='word_1_170' title='bbox 1190 1429 1336 1467; x_wconf 90' lang='lat' dir='ltr'><em>litteris</em></span> <span class='ocrx_word' id='word_1_171' title='bbox 1367 1430 1530 1476; x_wconf 72' lang='lat' dir='ltr'><em>yraecis</em></span> <span class='ocrx_word' id='word_1_172' title='bbox 1565 1432 1603 1468; x_wconf 87' lang='lat' dir='ltr'><em>et</em></span> <span class='ocrx_word' id='word_1_173' title='bbox 1638 1429 1779 1467; x_wconf 74' lang='lat' dir='ltr'><em>latinis</em></span> 
     </span>
     <span class='ocr_line' id='line_1_20' title="bbox 251 1483 1787 1546; baseline -0.001 -11"><span class='ocrx_word' id='word_1_174' title='bbox 251 1498 391 1535; x_wconf 82' lang='lat' dir='ltr'><em>docta:</em></span> <span class='ocrx_word' id='word_1_175' title='bbox 437 1498 634 1546; x_wconf 80' lang='lat' dir='ltr'><em>psallere,</em></span> <span class='ocrx_word' id='word_1_176' title='bbox 682 1499 837 1536; x_wconf 88' lang='lat' dir='ltr'><em>saltare</em></span> <span class='ocrx_word' id='word_1_177' title='bbox 873 1497 1096 1545; x_wconf 73' lang='lat' dir='ltr'><em>eteqantius</em></span> <span class='ocrx_word' id='word_1_178' title='bbox 1141 1507 1261 1545; x_wconf 82' lang='lat' dir='ltr'><em>quam</em></span> <span class='ocrx_word' id='word_1_179' title='bbox 1305 1506 1465 1534; x_wconf 87' lang='lat' dir='ltr'><em>necesse</em></span> <span class='ocrx_word' id='word_1_180' title='bbox 1509 1500 1568 1535; x_wconf 91' lang='lat' dir='ltr'><em>est</em></span> <span class='ocrx_word' id='word_1_181' title='bbox 1588 1483 1787 1546; x_wconf 48' lang='lat' dir='ltr'><em>‘probaer</em></span> 
     </span>
     <span class='ocr_line' id='line_1_21' title="bbox 250 1563 1779 1613; baseline -0.001 -10"><span class='ocrx_word' id='word_1_182' title='bbox 250 1566 377 1604; x_wconf 89' lang='lat' dir='ltr'><em>multa</em></span> <span class='ocrx_word' id='word_1_183' title='bbox 407 1566 491 1603; x_wconf 90' lang='lat' dir='ltr'><em>alia</em></span> <span class='ocrx_word' id='word_1_184' title='bbox 521 1575 625 1613; x_wconf 80' lang='lat' dir='ltr'><em>quae</em></span> <span class='ocrx_word' id='word_1_185' title='bbox 653 1565 916 1603; x_wconf 84' lang='lat' dir='ltr'><em>instrumenta</em></span> <span class='ocrx_word' id='word_1_186' title='bbox 952 1565 1157 1603; x_wconf 79' lang='lat' dir='ltr'><em>luxuriae.</em></span> <span class='ocrx_word' id='word_1_187' title='bbox 1225 1563 1310 1602; x_wconf 83' lang='lat' dir='ltr'><em>Sed</em></span> <span class='ocrx_word' id='word_1_188' title='bbox 1344 1565 1385 1602; x_wconf 88' lang='lat' dir='ltr'><em>ei</em></span> <span class='ocrx_word' id='word_1_189' title='bbox 1418 1565 1585 1603; x_wconf 89' lang='lat' dir='ltr'><em>cariora</em></span> <span class='ocrx_word' id='word_1_190' title='bbox 1622 1574 1779 1613; x_wconf 80' lang='lat' dir='ltr'><em>semper</em></span> 
     </span>
     <span class='ocr_line' id='line_1_22' title="bbox 252 1627 1776 1683; baseline 0 -13"><span class='ocrx_word' id='word_1_191' title='bbox 252 1634 385 1671; x_wconf 89' lang='lat' dir='ltr'><em>omnia</em></span> <span class='ocrx_word' id='word_1_192' title='bbox 415 1643 535 1681; x_wconf 82' lang='lat' dir='ltr'><em>quam</em></span> <span class='ocrx_word' id='word_1_193' title='bbox 566 1633 690 1671; x_wconf 82' lang='lat' dir='ltr'><em>decus</em></span> <span class='ocrx_word' id='word_1_194' title='bbox 730 1660 1350 1671; x_wconf 89' lang='grc'><strong>...............</strong></span> <span class='ocrx_word' id='word_1_195' title='bbox 1382 1627 1653 1683; x_wconf 67' lang='lat' dir='ltr'><em>adfliclsstare</em></span> <span class='ocrx_word' id='word_1_196' title='bbox 1681 1641 1776 1675; x_wconf 88' lang='lat' dir='ltr'><em>sese,</em></span> 
     </span>
     <span class='ocr_line' id='line_1_23' title="bbox 250 1699 1774 1749; baseline -0.001 -10"><span class='ocrx_word' id='word_1_197' title='bbox 250 1711 394 1739; x_wconf 83' lang='lat' dir='ltr'><em>manus</em></span> <span class='ocrx_word' id='word_1_198' title='bbox 429 1701 631 1749; x_wconf 79' lang='lat' dir='ltr'><em>supplices</em></span> <span class='ocrx_word' id='word_1_199' title='bbox 676 1700 733 1738; x_wconf 84' lang='lat' dir='ltr'><em>ad</em></span> <span class='ocrx_word' id='word_1_200' title='bbox 766 1701 922 1739; x_wconf 87' lang='lat' dir='ltr'><em>caelum</em></span> <span class='ocrx_word' id='word_1_201' title='bbox 959 1700 1142 1744; x_wconf 82' lang='lat' dir='ltr'><em>tendere,</em></span> <span class='ocrx_word' id='word_1_202' title='bbox 1193 1700 1383 1738; x_wconf 85' lang='lat' dir='ltr'><em>miserari</em></span> <span class='ocrx_word' id='word_1_203' title='bbox 1419 1710 1572 1748; x_wconf 85' lang='lat' dir='ltr'><em>parvos</em></span> <span class='ocrx_word' id='word_1_204' title='bbox 1616 1699 1774 1748; x_wconf 82' lang='lat' dir='ltr'><em>liberos,</em></span> 
     </span>
    </p>
   </div>
   <div class='ocr_carea' id='block_1_3' title="bbox 251 1791 523 1796">
    <p class='ocr_par' dir='ltr' id='par_1_5' title="bbox 251 1791 523 1796">
     <span class='ocr_line' id='line_1_24' title="bbox 251 1791 523 1796; baseline 0 0"><span class='ocrx_word' id='word_1_205' title='bbox 251 1791 523 1796; x_wconf 95' lang='lat' dir='ltr'><em> </em></span> 
     </span>
    </p>
   </div>
   <div class='ocr_carea' id='block_1_4' title="bbox 251 1819 1778 1969">
    <p class='ocr_par' dir='ltr' id='par_1_6' title="bbox 251 1819 1778 1969">
     <span class='ocr_line' id='line_1_25' title="bbox 365 1819 1140 1866; baseline 0 -11"><span class='ocrx_word' id='word_1_206' title='bbox 365 1832 387 1856; x_wconf 85' lang='lat' dir='ltr'><em>a</em></span> <span class='ocrx_word' id='word_1_207' title='bbox 412 1824 455 1855; x_wconf 86' lang='lat' dir='ltr'><em>In</em></span> <span class='ocrx_word' id='word_1_208' title='bbox 480 1825 646 1865; x_wconf 60' lang='lat' dir='ltr'><em>margine:</em></span> <span class='ocrx_word' id='word_1_209' title='bbox 671 1819 726 1856; x_wconf 93' lang='lat' dir='ltr'><em>De</em></span> <span class='ocrx_word' id='word_1_210' title='bbox 750 1820 872 1856; x_wconf 82' lang='lat' dir='ltr'><em>forma</em></span> <span class='ocrx_word' id='word_1_211' title='bbox 894 1819 1140 1866; x_wconf 82' lang='lat' dir='ltr'><em>imperatoris.</em></span> 
     </span>
     <span class='ocr_line' id='line_1_26' title="bbox 363 1875 1778 1923; baseline 0 -11"><span class='ocrx_word' id='word_1_212' title='bbox 363 1877 388 1911; x_wconf 87' lang='lat' dir='ltr'><strong>b</strong></span> <span class='ocrx_word' id='word_1_213' title='bbox 416 1880 457 1912; x_wconf 83' lang='lat' dir='ltr'><em>In</em></span> <span class='ocrx_word' id='word_1_214' title='bbox 482 1882 648 1922; x_wconf 72' lang='lat' dir='ltr'><em>itzaryine:</em></span> <span class='ocrx_word' id='word_1_215' title='bbox 675 1876 896 1923; x_wconf 87' lang='lat' dir='ltr'><em>Sempronia</em></span> <span class='ocrx_word' id='word_1_216' title='bbox 918 1881 1028 1913; x_wconf 82' lang='lat' dir='ltr'><em>multa</em></span> <span class='ocrx_word' id='word_1_217' title='bbox 1044 1888 1155 1922; x_wconf 82' lang='lat' dir='ltr'><em>saepe</em></span> <span class='ocrx_word' id='word_1_218' title='bbox 1171 1876 1280 1913; x_wconf 83' lang='lat' dir='ltr'><em>virilis</em></span> <span class='ocrx_word' id='word_1_219' title='bbox 1303 1875 1480 1912; x_wconf 80' lang='lat' dir='ltr'><em>audaciae</em></span> <span class='ocrx_word' id='word_1_220' title='bbox 1503 1877 1670 1912; x_wconf 81' lang='lat' dir='ltr'><em>facinora</em></span> <span class='ocrx_word' id='word_1_221' title='bbox 1692 1890 1778 1912; x_wconf 83' lang='lat' dir='ltr'><em>com—</em></span> 
     </span>
     <span class='ocr_line' id='line_1_27' title="bbox 251 1933 413 1969; baseline 0 -1"><span class='ocrx_word' id='word_1_222' title='bbox 251 1933 413 1969; x_wconf 80' lang='lat' dir='ltr'><em>miserat.</em></span> 
     </span>
    </p>
   </div>
   <div class='ocr_carea' id='block_1_5' title="bbox 252 2005 513 2011">
    <p class='ocr_par' dir='ltr' id='par_1_7' title="bbox 252 2005 513 2011">
     <span class='ocr_line' id='line_1_28' title="bbox 252 2005 513 2011; baseline 0 0"><span class='ocrx_word' id='word_1_223' title='bbox 252 2005 513 2011; x_wconf 95' lang='lat' dir='ltr'><em> </em></span> 
     </span>
    </p>
   </div>
   <div class='ocr_carea' id='block_1_6' title="bbox 251 2045 1777 2881">
    <p class='ocr_par' dir='ltr' id='par_1_8' title="bbox 251 2045 1777 2252">
     <span class='ocr_line' id='line_1_29' title="bbox 367 2045 1777 2092; baseline 0.001 -12"><span class='ocrx_word' id='word_1_224' title='bbox 367 2051 384 2081; x_wconf 85' lang='lat'>1</span> <span class='ocrx_word' id='word_1_225' title='bbox 412 2045 499 2081; x_wconf 84' lang='lat' dir='ltr'><em>Cod.</em></span> <span class='ocrx_word' id='word_1_226' title='bbox 526 2057 597 2081; x_wconf 77' lang='lat' dir='ltr'><em>sec.</em></span> <span class='ocrx_word' id='word_1_227' title='bbox 622 2057 669 2081; x_wconf 90' lang='lat' dir='ltr'><em>m.</em></span> <span class='ocrx_word' id='word_1_228' title='bbox 695 2049 924 2082; x_wconf 82' lang='lat' dir='ltr'><em>munebantur.</em></span> <span class='ocrx_word' id='word_1_229' title='bbox 971 2047 1071 2082; x_wconf 88' lang='lat' dir='ltr'><em>Nota</em></span> <span class='ocrx_word' id='word_1_230' title='bbox 1094 2047 1186 2082; x_wconf 86' lang='lat' dir='ltr'><em>haec</em></span> <span class='ocrx_word' id='word_1_231' title='bbox 1211 2047 1284 2083; x_wconf 89' lang='lat' dir='ltr'><em>duo</em></span> <span class='ocrx_word' id='word_1_232' title='bbox 1307 2048 1433 2091; x_wconf 87' lang='lat' dir='ltr'><em>verba,</em></span> <span class='ocrx_word' id='word_1_233' title='bbox 1463 2058 1559 2092; x_wconf 88' lang='lat' dir='ltr'><em>quae</em></span> <span class='ocrx_word' id='word_1_234' title='bbox 1584 2047 1716 2083; x_wconf 83' lang='lat' dir='ltr'><em>desunt</em></span> <span class='ocrx_word' id='word_1_235' title='bbox 1738 2046 1777 2081; x_wconf 88' lang='lat' dir='ltr'><em>in</em></span> 
     </span>
     <span class='ocr_line' id='line_1_30' title="bbox 251 2102 1777 2149; baseline 0 -11"><span class='ocrx_word' id='word_1_236' title='bbox 251 2102 436 2148; x_wconf 82' lang='lat' dir='ltr'><em>plerisque</em></span> <span class='ocrx_word' id='word_1_237' title='bbox 462 2102 627 2138; x_wconf 83' lang='lat' dir='ltr'><em>Sallustii</em></span> <span class='ocrx_word' id='word_1_238' title='bbox 650 2102 854 2138; x_wconf 78' lang='lat' dir='ltr'><em>codicibus.</em></span> <span class='ocrx_word' id='word_1_239' title='bbox 893 2104 1093 2140; x_wconf 86' lang='lat' dir='ltr'><em>Praeterea</em></span> <span class='ocrx_word' id='word_1_240' title='bbox 1117 2105 1217 2149; x_wconf 85' lang='lat' dir='ltr'><em>apud</em></span> <span class='ocrx_word' id='word_1_241' title='bbox 1242 2103 1458 2139; x_wconf 71' lang='lat' dir='ltr'><em>Sallustium</em></span> <span class='ocrx_word' id='word_1_242' title='bbox 1480 2103 1632 2148; x_wconf 86' lang='lat' dir='ltr'><em>legitur:</em></span> <span class='ocrx_word' id='word_1_243' title='bbox 1657 2107 1777 2138; x_wconf 84' lang='lat' dir='ltr'><em>milites</em></span> 
     </span>
     <span class='ocr_line' id='line_1_31' title="bbox 251 2163 1776 2206; baseline 0.001 -13"><span class='ocrx_word' id='word_1_244' title='bbox 251 2164 384 2196; x_wconf 75' lang='lat' dir='ltr'><em>stativis</em></span> <span class='ocrx_word' id='word_1_245' title='bbox 407 2164 532 2196; x_wconf 82' lang='lat' dir='ltr'><em>castris</em></span> <span class='ocrx_word' id='word_1_246' title='bbox 557 2180 598 2186; x_wconf 89' lang='lat'>-</span> <span class='ocrx_word' id='word_1_247' title='bbox 623 2164 673 2195; x_wconf 84' lang='lat' dir='ltr'><em>uti</em></span> <span class='ocrx_word' id='word_1_248' title='bbox 694 2164 812 2205; x_wconf 77' lang='lat' dir='ltr'><em>cuique</em></span> <span class='ocrx_word' id='word_1_249' title='bbox 837 2163 960 2196; x_wconf 83' lang='lat' dir='ltr'><em>libebat</em></span> <span class='ocrx_word' id='word_1_250' title='bbox 984 2182 1026 2186; x_wconf 85' lang='lat'><em>-</em></span> <span class='ocrx_word' id='word_1_251' title='bbox 1051 2169 1087 2196; x_wconf 89' lang='lat' dir='ltr'><em>et</em></span> <span class='ocrx_word' id='word_1_252' title='bbox 1107 2165 1266 2206; x_wconf 82' lang='lat' dir='ltr'><em>palantes</em></span> <span class='ocrx_word' id='word_1_253' title='bbox 1289 2174 1393 2206; x_wconf 72' lang='lat' dir='ltr'><em>(tyros</em></span> <span class='ocrx_word' id='word_1_254' title='bbox 1416 2181 1461 2188; x_wconf 92' lang='lat'>—</span> <span class='ocrx_word' id='word_1_255' title='bbox 1480 2163 1630 2205; x_wconf 84' lang='lat' dir='ltr'><em>probra,</em></span> <span class='ocrx_word' id='word_1_256' title='bbox 1661 2163 1695 2195; x_wconf 85' lang='lat' dir='ltr'><em>in</em></span> <span class='ocrx_word' id='word_1_257' title='bbox 1718 2164 1776 2195; x_wconf 87' lang='lat' dir='ltr'><em>illo</em></span> 
     </span>
     <span class='ocr_line' id='line_1_32' title="bbox 253 2221 1250 2252; baseline -0.002 0"><span class='ocrx_word' id='word_1_258' title='bbox 253 2221 420 2252; x_wconf 74' lang='lat' dir='ltr'><em>exercitu.</em></span> <span class='ocrx_word' id='word_1_259' title='bbox 513 2248 515 2250; x_wconf 90' lang='lat'><em>.</em></span> <span class='ocrx_word' id='word_1_260' title='bbox 1234 2225 1250 2230; x_wconf 72' lang='lat'><strong><em>‘</em></strong></span> 
     </span>
    </p>

    <p class='ocr_par' dir='ltr' id='par_1_9' title="bbox 366 2273 1407 2309">
     <span class='ocr_line' id='line_1_33' title="bbox 366 2273 1407 2309; baseline 0.004 -1"><span class='ocrx_word' id='word_1_261' title='bbox 366 2277 386 2308; x_wconf 85' lang='lat'>2</span> <span class='ocrx_word' id='word_1_262' title='bbox 411 2274 469 2309; x_wconf 87' lang='lat' dir='ltr'><em>Ita</em></span> <span class='ocrx_word' id='word_1_263' title='bbox 491 2273 620 2309; x_wconf 80' lang='lat' dir='ltr'><em>Maius.</em></span> <span class='ocrx_word' id='word_1_264' title='bbox 1404 2298 1407 2299; x_wconf 32' lang='grc' dir='ltr'><em>ν</em></span> 
     </span>
    </p>

    <p class='ocr_par' dir='ltr' id='par_1_10' title="bbox 254 2329 1777 2545">
     <span class='ocr_line' id='line_1_34' title="bbox 367 2329 1777 2376; baseline -0.001 -10"><span class='ocrx_word' id='word_1_265' title='bbox 367 2335 388 2366; x_wconf 90' lang='grc'><strong>3</strong></span> <span class='ocrx_word' id='word_1_266' title='bbox 412 2330 546 2376; x_wconf 90' lang='lat' dir='ltr'><em>Incipit</em></span> <span class='ocrx_word' id='word_1_267' title='bbox 577 2330 664 2366; x_wconf 86' lang='lat' dir='ltr'><em>Cod.</em></span> <span class='ocrx_word' id='word_1_268' title='bbox 690 2330 818 2366; x_wconf 86' lang='lat' dir='ltr'><em>Ambr.</em></span> <span class='ocrx_word' id='word_1_269' title='bbox 843 2343 879 2376; x_wconf 88' lang='lat' dir='ltr'><em>p.</em></span> <span class='ocrx_word' id='word_1_270' title='bbox 899 2335 954 2374; x_wconf 87' lang='grc'><em>96,</em></span> <span class='ocrx_word' id='word_1_271' title='bbox 985 2330 1051 2366; x_wconf 84' lang='lat' dir='ltr'><em>sed</em></span> <span class='ocrx_word' id='word_1_272' title='bbox 1074 2329 1167 2365; x_wconf 80' lang='lat' dir='ltr'><em>nihil</em></span> <span class='ocrx_word' id='word_1_273' title='bbox 1194 2331 1232 2364; x_wconf 91' lang='lat' dir='ltr'><em>in</em></span> <span class='ocrx_word' id='word_1_274' title='bbox 1262 2342 1307 2366; x_wconf 87' lang='lat' dir='ltr'><em>ea</em></span> <span class='ocrx_word' id='word_1_275' title='bbox 1335 2330 1411 2376; x_wconf 88' lang='lat' dir='ltr'><em>legi</em></span> <span class='ocrx_word' id='word_1_276' title='bbox 1440 2331 1580 2376; x_wconf 77' lang='lat' dir='ltr'><em>potest:</em></span> <span class='ocrx_word' id='word_1_277' title='bbox 1611 2331 1777 2376; x_wconf 81' lang='lat' dir='ltr'><em>sequitur</em></span> 
     </span>
     <span class='ocr_line' id='line_1_35' title="bbox 254 2386 1776 2433; baseline 0.001 -12"><span class='ocrx_word' id='word_1_278' title='bbox 254 2387 333 2421; x_wconf 87' lang='lat' dir='ltr'><em>tum</em></span> <span class='ocrx_word' id='word_1_279' title='bbox 357 2399 392 2432; x_wconf 90' lang='lat' dir='ltr'><em>p.</em></span> <span class='ocrx_word' id='word_1_280' title='bbox 412 2390 467 2430; x_wconf 88' lang='grc'><em>89,</em></span> <span class='ocrx_word' id='word_1_281' title='bbox 490 2386 621 2422; x_wconf 88' lang='lat' dir='ltr'><em>itidem</em></span> <span class='ocrx_word' id='word_1_282' title='bbox 645 2387 802 2422; x_wconf 83' lang='lat' dir='ltr'><em>obscura</em></span> <span class='ocrx_word' id='word_1_283' title='bbox 826 2388 863 2422; x_wconf 89' lang='lat' dir='ltr'><em>et</em></span> <span class='ocrx_word' id='word_1_284' title='bbox 886 2387 1076 2431; x_wconf 81' lang='lat' dir='ltr'><em>lacunosa,</em></span> <span class='ocrx_word' id='word_1_285' title='bbox 1110 2386 1150 2422; x_wconf 91' lang='lat' dir='ltr'><em>in</em></span> <span class='ocrx_word' id='word_1_286' title='bbox 1180 2398 1254 2431; x_wconf 88' lang='lat' dir='ltr'><em>qua</em></span> <span class='ocrx_word' id='word_1_287' title='bbox 1283 2398 1424 2433; x_wconf 89' lang='lat' dir='ltr'><em>paucae</em></span> <span class='ocrx_word' id='word_1_288' title='bbox 1454 2387 1602 2422; x_wconf 86' lang='lat' dir='ltr'><em>tantum</em></span> <span class='ocrx_word' id='word_1_289' title='bbox 1627 2387 1776 2422; x_wconf 73' lang='lat' dir='ltr'><em>litterae</em></span> 
     </span>
     <span class='ocr_line' id='line_1_36' title="bbox 255 2442 1776 2488; baseline 0 -11"><span class='ocrx_word' id='word_1_290' title='bbox 255 2442 529 2488; x_wconf 81' lang='lat' dir='ltr'><em>conspiciuntur</em></span> <span class='ocrx_word' id='word_1_291' title='bbox 558 2454 684 2479; x_wconf 81' lang='lat' dir='ltr'><em>versus</em></span> <span class='ocrx_word' id='word_1_292' title='bbox 712 2443 920 2488; x_wconf 84' lang='lat' dir='ltr'><em>marginem</em></span> <span class='ocrx_word' id='word_1_293' title='bbox 950 2443 1182 2479; x_wconf 86' lang='lat' dir='ltr'><em>exteriorem.</em></span> <span class='ocrx_word' id='word_1_294' title='bbox 1243 2442 1408 2478; x_wconf 84' lang='lat' dir='ltr'><em>Contulit</em></span> <span class='ocrx_word' id='word_1_295' title='bbox 1440 2444 1567 2478; x_wconf 85' lang='lat' dir='ltr'><em>tamen</em></span> <span class='ocrx_word' id='word_1_296' title='bbox 1604 2443 1658 2477; x_wconf 88' lang='lat' dir='ltr'><em>du·</em></span> <span class='ocrx_word' id='word_1_297' title='bbox 1682 2442 1776 2478; x_wconf 85' lang='lat' dir='ltr'><em>Rieu</em></span> 
     </span>
     <span class='ocr_line' id='line_1_37' title="bbox 255 2499 1728 2545; baseline 0.001 -13"><span class='ocrx_word' id='word_1_298' title='bbox 255 2499 463 2534; x_wconf 84' lang='lat' dir='ltr'><em>columnam</em></span> <span class='ocrx_word' id='word_1_299' title='bbox 486 2499 660 2545; x_wconf 83' lang='lat' dir='ltr'><em>priorem,</em></span> <span class='ocrx_word' id='word_1_300' title='bbox 684 2500 706 2535; x_wconf 88' lang='lat' dir='ltr'><em>i.</em></span> <span class='ocrx_word' id='word_1_301' title='bbox 726 2511 757 2535; x_wconf 89' lang='lat' dir='ltr'><em>e.</em></span> <span class='ocrx_word' id='word_1_302' title='bbox 783 2511 898 2544; x_wconf 82' lang='lat' dir='ltr'><em>usque</em></span> <span class='ocrx_word' id='word_1_303' title='bbox 924 2500 986 2534; x_wconf 85' lang='lat' dir='ltr'><em>ad:</em></span> <span class='ocrx_word' id='word_1_304' title='bbox 1013 2504 1125 2535; x_wconf 80' lang='lat' dir='ltr'><em>decus.</em></span> <span class='ocrx_word' id='word_1_305' title='bbox 1166 2500 1296 2535; x_wconf 85' lang='lat' dir='ltr'><em>Altera</em></span> <span class='ocrx_word' id='word_1_306' title='bbox 1318 2499 1394 2545; x_wconf 88' lang='lat' dir='ltr'><em>legi</em></span> <span class='ocrx_word' id='word_1_307' title='bbox 1418 2499 1565 2534; x_wconf 91' lang='lat' dir='ltr'><em>omnino</em></span> <span class='ocrx_word' id='word_1_308' title='bbox 1589 2499 1728 2544; x_wconf 86' lang='lat' dir='ltr'><em>nequit.</em></span> 
     </span>
    </p>

    <p class='ocr_par' dir='ltr' id='par_1_11' title="bbox 253 2555 1776 2658">
     <span class='ocr_line' id='line_1_38' title="bbox 366 2555 1776 2602; baseline 0.001 -13"><span class='ocrx_word' id='word_1_309' title='bbox 366 2559 388 2589; x_wconf 85' lang='lat'>4</span> <span class='ocrx_word' id='word_1_310' title='bbox 413 2555 551 2591; x_wconf 87' lang='lat' dir='ltr'><em>Octavo</em></span> <span class='ocrx_word' id='word_1_311' title='bbox 575 2567 683 2592; x_wconf 88' lang='lat' dir='ltr'><em>versu</em></span> <span class='ocrx_word' id='word_1_312' title='bbox 708 2567 730 2591; x_wconf 84' lang='lat' dir='ltr'><em>a</em></span> <span class='ocrx_word' id='word_1_313' title='bbox 753 2555 852 2592; x_wconf 86' lang='lat' dir='ltr'><em>linea</em></span> <span class='ocrx_word' id='word_1_314' title='bbox 874 2556 929 2591; x_wconf 89' lang='lat' dir='ltr'><em>ita</em></span> <span class='ocrx_word' id='word_1_315' title='bbox 951 2556 1090 2601; x_wconf 88' lang='lat' dir='ltr'><em>legitur</em></span> <span class='ocrx_word' id='word_1_316' title='bbox 1114 2556 1173 2600; x_wconf 89' lang='grc' dir='ltr'><em>(Β·</em></span> <span class='ocrx_word' id='word_1_317' title='bbox 1197 2567 1266 2602; x_wconf 88' lang='lat' dir='ltr'><em>pro</em></span> <span class='ocrx_word' id='word_1_318' title='bbox 1291 2557 1381 2601; x_wconf 85' lang='lat' dir='ltr'><em>bus);</em></span> <span class='ocrx_word' id='word_1_319' title='bbox 1405 2555 1523 2591; x_wconf 82' lang='lat' dir='ltr'><em>Maius</em></span> <span class='ocrx_word' id='word_1_320' title='bbox 1546 2555 1585 2590; x_wconf 89' lang='lat' dir='ltr'><em>in</em></span> <span class='ocrx_word' id='word_1_321' title='bbox 1608 2555 1776 2600; x_wconf 80' lang='lat' dir='ltr'><em>margine</em></span> 
     </span>
     <span class='ocr_line' id='line_1_39' title="bbox 253 2611 1204 2658; baseline 0.001 -12"><span class='ocrx_word' id='word_1_322' title='bbox 253 2611 379 2646; x_wconf 83' lang='lat' dir='ltr'><em>videre</em></span> <span class='ocrx_word' id='word_1_323' title='bbox 404 2611 475 2646; x_wconf 82' lang='lat' dir='ltr'><em>sibi</em></span> <span class='ocrx_word' id='word_1_324' title='bbox 497 2612 595 2648; x_wconf 82' lang='lat' dir='ltr'><em>visus</em></span> <span class='ocrx_word' id='word_1_325' title='bbox 621 2614 692 2648; x_wconf 80' lang='lat' dir='ltr'><em>est:</em></span> <span class='ocrx_word' id='word_1_326' title='bbox 718 2620 752 2648; x_wconf 83' lang='lat' dir='ltr'><em>et</em></span> <span class='ocrx_word' id='word_1_327' title='bbox 775 2615 984 2657; x_wconf 82' lang='lat' dir='ltr'><em>voluptatiba</em></span> <span class='ocrx_word' id='word_1_328' title='bbox 1011 2614 1042 2657; x_wconf 84' lang='lat' dir='ltr'><em>(b</em></span> <span class='ocrx_word' id='word_1_329' title='bbox 1066 2623 1135 2658; x_wconf 91' lang='lat' dir='ltr'><em>pro</em></span> <span class='ocrx_word' id='word_1_330' title='bbox 1159 2614 1204 2658; x_wconf 87' lang='lat' dir='ltr'><em>v).</em></span> 
     </span>
    </p>

    <p class='ocr_par' dir='ltr' id='par_1_12' title="bbox 253 2668 1775 2762">
     <span class='ocr_line' id='line_1_40' title="bbox 367 2668 1775 2714; baseline 0.001 -12"><span class='ocrx_word' id='word_1_331' title='bbox 367 2672 387 2702; x_wconf 84' lang='lat'>5</span> <span class='ocrx_word' id='word_1_332' title='bbox 410 2668 562 2703; x_wconf 89' lang='lat' dir='ltr'><em>Decimo</em></span> <span class='ocrx_word' id='word_1_333' title='bbox 586 2681 695 2705; x_wconf 87' lang='lat' dir='ltr'><em>versu</em></span> <span class='ocrx_word' id='word_1_334' title='bbox 719 2681 742 2705; x_wconf 89' lang='lat' dir='ltr'><em>a</em></span> <span class='ocrx_word' id='word_1_335' title='bbox 765 2669 873 2704; x_wconf 89' lang='lat' dir='ltr'><em>linea.</em></span> <span class='ocrx_word' id='word_1_336' title='bbox 924 2668 1070 2704; x_wconf 82' lang='lat' dir='ltr'><em>Sallust.</em></span> <span class='ocrx_word' id='word_1_337' title='bbox 1098 2669 1203 2704; x_wconf 80' lang='lat' dir='ltr'><em>Catil.</em></span> <span class='ocrx_word' id='word_1_338' title='bbox 1230 2681 1259 2705; x_wconf 92' lang='lat' dir='ltr'><em>c.</em></span> <span class='ocrx_word' id='word_1_339' title='bbox 1275 2673 1333 2713; x_wconf 81' lang='lat'><em>25,</em></span> <span class='ocrx_word' id='word_1_340' title='bbox 1365 2668 1465 2714; x_wconf 86' lang='lat' dir='ltr'><em>apud.</em></span> <span class='ocrx_word' id='word_1_341' title='bbox 1489 2679 1599 2713; x_wconf 87' lang='lat' dir='ltr'><em>quem</em></span> <span class='ocrx_word' id='word_1_342' title='bbox 1622 2668 1775 2713; x_wconf 86' lang='lat' dir='ltr'><em>legitur:</em></span> 
     </span>
     <span class='ocr_line' id='line_1_41' title="bbox 253 2717 1615 2762; baseline 0.003 -5"><span class='ocrx_word' id='word_1_343' title='bbox 253 2727 287 2757; x_wconf 79' lang='lat' dir='ltr'><em>in</em></span> <span class='ocrx_word' id='word_1_344' title='bbox 313 2728 362 2758; x_wconf 82' lang='lat' dir='ltr'><em>eis</em></span> <span class='ocrx_word' id='word_1_345' title='bbox 386 2732 462 2759; x_wconf 85' lang='lat' dir='ltr'><em>erat</em></span> <span class='ocrx_word' id='word_1_346' title='bbox 486 2732 519 2760; x_wconf 83' lang='lat' dir='ltr'><em>et</em></span> <span class='ocrx_word' id='word_1_347' title='bbox 543 2729 700 2761; x_wconf 77' lang='lat' dir='ltr'><em>luoeurz&#39;ae</em></span> <span class='ocrx_word' id='word_1_348' title='bbox 724 2733 813 2762; x_wconf 78' lang='lat' dir='ltr'><em>sunt.</em></span> <span class='ocrx_word' id='word_1_349' title='bbox 1612 2717 1615 2721; x_wconf 40' lang='lat'><strong>¹</strong></span> 
     </span>
    </p>

    <p class='ocr_par' dir='ltr' id='par_1_13' title="bbox 255 2781 1776 2881">
     <span class='ocr_line' id='line_1_42' title="bbox 366 2781 1776 2827; baseline 0.001 -13"><span class='ocrx_word' id='word_1_350' title='bbox 366 2784 386 2814; x_wconf 85' lang='grc'>6</span> <span class='ocrx_word' id='word_1_351' title='bbox 410 2781 544 2826; x_wconf 79' lang='lat' dir='ltr'><em>Incipit</em></span> <span class='ocrx_word' id='word_1_352' title='bbox 557 2781 644 2817; x_wconf 81' lang='lat' dir='ltr'><em>cod.</em></span> <span class='ocrx_word' id='word_1_353' title='bbox 658 2782 786 2817; x_wconf 86' lang='lat' dir='ltr'><em>Ambr.</em></span> <span class='ocrx_word' id='word_1_354' title='bbox 812 2786 913 2827; x_wconf 87' lang='lat' dir='ltr'><em>p.90‚</em></span> <span class='ocrx_word' id='word_1_355' title='bbox 937 2783 1071 2826; x_wconf 83' lang='lat' dir='ltr'><em>lacera,</em></span> <span class='ocrx_word' id='word_1_356' title='bbox 1097 2783 1263 2826; x_wconf 86' lang='lat' dir='ltr'><em>obscura,</em></span> <span class='ocrx_word' id='word_1_357' title='bbox 1289 2792 1421 2817; x_wconf 55' lang='lat' dir='ltr'><em>erasa&gt;</em></span> <span class='ocrx_word' id='word_1_358' title='bbox 1437 2781 1592 2817; x_wconf 84' lang='lat' dir='ltr'><em>contulit</em></span> <span class='ocrx_word' id='word_1_359' title='bbox 1617 2782 1667 2817; x_wconf 88' lang='lat' dir='ltr'><em>du</em></span> <span class='ocrx_word' id='word_1_360' title='bbox 1681 2781 1776 2817; x_wconf 85' lang='lat' dir='ltr'><em>Rieu</em></span> 
     </span>
     <span class='ocr_line' id='line_1_43' title="bbox 255 2835 1310 2881; baseline 0.007 -13"><span class='ocrx_word' id='word_1_361' title='bbox 255 2846 370 2879; x_wconf 86' lang='lat' dir='ltr'><em>usque</em></span> <span class='ocrx_word' id='word_1_362' title='bbox 395 2836 443 2871; x_wconf 80' lang='lat' dir='ltr'><em>ad</em></span> <span class='ocrx_word' id='word_1_363' title='bbox 466 2840 626 2881; x_wconf 79' lang='lat' dir='ltr'><em>pavere.‘</em></span> <span class='ocrx_word' id='word_1_364' title='bbox 651 2837 879 2873; x_wconf 82' lang='lat' dir='ltr'><em>Exscribitur</em></span> <span class='ocrx_word' id='word_1_365' title='bbox 902 2838 1048 2875; x_wconf 80' lang='lat' dir='ltr'><em>Sallust.</em></span> <span class='ocrx_word' id='word_1_366' title='bbox 1077 2838 1182 2874; x_wconf 87' lang='lat' dir='ltr'><em>Catil.</em></span> <span class='ocrx_word' id='word_1_367' title='bbox 1209 2835 1310 2874; x_wconf 54' lang='lat'><em>0⁴31.</em></span> 
     </span>
    </p>
   </div>
  </div>
 </body>
</html>
