1968 3158
711 159 720 176 ‘
747 177 809 214 111.
842 176 993 215 mnsx
1018 177 1198 215 annum.
1654 178 1734 222 271

161 294 177 299 ’
206 291 391 328 Athorem
414 291 560 327 felicem
584 290 773 327 succidere
800 291 957 327 vetitum
992 291 1048 327 De
1102 291 1345 327 decuriouatu
1405 290 1575 327 doctrina
1635 291 1739 327 varia

250 347 437 396 plerisque
466 347 612 393 legibus
648 352 723 384 195.
763 346 955 391 Quaenam
1040 352 1103 384 192
1128 360 1207 394 sqq.

194 427 199 433 -
251 403 301 440 sit
324 405 438 441 arbor
462 404 549 440 felix
575 409 650 441 195.
992 404 1278 441 Dialecticorum
1303 404 1530 451 vituperatio
1557 407 1632 440 148.
1666 404 1738 440 Ho-

203 460 365 508 Arpinas
389 463 592 508 paupertas
616 465 693 498 205.
1034 472 1104 497 nor
1127 461 1172 497 iis
1195 461 1264 498 sub
1287 461 1414 497 Marco
1438 461 1589 498 habitus
1614 465 1688 497 152.

203 518 388 555 Artaxata
411 529 435 554 a
458 518 498 554 L.
511 517 611 555 Vero
636 519 748 564 capta
774 522 847 554 121.
988 517 1072 553 Doli
1097 517 1246 554 feminei
1272 517 1498 565 vituperatio
1523 522 1600 554 243.

204 574 398 611 Artificum
434 574 661 611 Graecorum
703 574 954 621 proprietates
988 574 1265 611 Dorocorthoro
1281 575 1450 611 Athenae
1467 574 1633 611 Gallicae
1659 579 1737 611 262.

252 636 328 669 113.
988 631 1098 668 Dona
1121 643 1199 667 esse
1215 631 1431 678 recipienda
1447 635 1523 667 244.
1557 631 1640 667 Non
1658 643 1739 667 esse

204 688 449 725 Athenienses
461 689 636 735 graviora
647 688 791 725 tributa
806 688 954 734 exigen-
1035 688 1265 735 recipienda,
1290 688 1321 724 si
1343 700 1484 733 magna
1507 688 1582 724 sint
1605 692 1672 725 246

250 747 307 782 tes
329 757 409 782 rem
433 757 508 782 non
531 747 628 782 bene
655 747 851 791 gesserunt
873 750 952 782 248.
989 744 1101 781 Ducis
1124 745 1311 791 praeclari
1335 746 1456 781 forma
1479 748 1557 781 206.
1584 750 1661 781 207.

205 802 364 838 Axioma
387 802 572 839 Graecum
598 806 674 839 186.
988 801 1234 847 Eloquentiae
1265 802 1345 838 laus
1378 806 1454 838 122.
1489 806 1553 838 143
1585 813 1664 847 sqq.
1700 804 1739 838 et

204 858 381 894 Baiarum
405 858 515 895 calidi
538 870 669 905 specus
697 863 727 895 7.
1034 858 1133 894 alibi.
1167 858 1391 903 Eloquentia
1420 858 1625 905 primorum
1650 858 1739 894 Cae-

204 914 439 952 Bibliotheca
460 915 654 962 Apollonis
678 919 732 952 68.
1033 926 1158 951 sarum
1191 919 1266 952 123.
1299 915 1355 951 Ea
1375 915 1586 961 generatim
1610 916 1666 951 est
1688 916 1739 951 of-

207 971 408 1008 Caesarum
433 972 556 1008 officia
582 976 656 1009 141.
1033 971 1157 1007 ficium
1173 971 1373 1007 Caesarum
1387 976 1463 1008 141.
1492 971 1738 1017 Eloquentiae

205 1027 365 1075 Campos
380 1029 610 1066 formidabat
627 1030 683 1066 vir
701 1022 854 1075 quidam
870 1041 954 1066 con·
1033 1038 1152 1074 genus
1178 1040 1362 1064 summmn
1388 1029 1488 1074 quod
1513 1028 1562 1064 sit
1587 1033 1663 1065 127.

251 1086 384 1122 sularis
411 1091 486 1122 151.
988 1083 1181 1120 Exercitus
1190 1084 1563 1132 Syriacivituperatio
1574 1089 1648 1121 128.
1658 1090 1735 1121 206.

205 1142 401 1179 Cantilena
447 1143 493 1179 de
535 1143 689 1180 Henone
729 1145 768 1179 et
801 1143 954 1180 Aedone
988 1140 1214 1177 Fabulae—
1230 1141 1372 1178 fraudis
1396 1142 1580 1179 femineae
1597 1147 1675 1179 243.
1693 1162 1739 1168 -

252 1203 328 1236 158.
870 1215 874 1219 -
1034 1197 1248 1245 heliotropii
1272 1203 1348 1235 259.
1369 1218 1412 1225 —
1435 1199 1596 1235 Leandri
1620 1203 1674 1235 51.

206 1256 468 1293 Catachannae
485 1257 630 1293 arboris
645 1258 781 1294 natura
801 1260 952 1293 35.155.
1035 1253 1176 1300 Orphei
1199 1259 1276 1291 240.
1303 1259 1357 1292 58.
1375 1276 1420 1281 -
1443 1255 1656 1291 Polemonis
1680 1260 1735 1291 23.

205 1313 299 1350 Cato
318 1313 539 1361 Hispaniam
550 1315 749 1360 recuperat
763 1317 837 1349 125.
867 1313 955 1348 Eius
1038 1331 1077 1336 —
1095 1311 1180 1347 vitis
1196 1313 1235 1347 et
1256 1311 1349 1348 ilicis
1373 1316 1438 1349 154
1454 1333 1498 1338 —
1523 1312 1569 1348 de
1594 1312 1738 1358 origin(¹

248 1370 375 1417 imago
388 1371 434 1407 de
447 1371 579 1408 senatu
591 1370 868 1417 proferrisolita
877 1374 952 1406 129.
1035 1367 1271 1413 eloquentiae
1281 1373 1393 1413 149-
1402 1369 1448 1405 de
1457 1369 1602 1414 origine
1615 1369 1734 1404 somni

205 1426 484 1464 Causidicorum
508 1438 641 1464 uxores
662 1427 832 1469 feruntur
847 1426 954 1462 multi
1035 1428 1113 1461 227.

250 1483 324 1519 cibi
347 1488 403 1520 32.
989 1481 1084 1517 Fata
1108 1493 1131 1517 a
1155 1482 1266 1518 fando
1292 1482 1484 1529 appellata
1507 1487 1584 1519 233.

206 1540 481 1577 Centumcellae
505 1544 562 1582 56,
587 1545 642 1577 57,
669 1545 723 1577 92,
990 1538 1189 1575 Faustinae
1205 1540 1336 1584 partus
1353 1543 1408 1583 90,
1424 1539 1658 1576 infirmitates
1681 1544 1734 1576 79.

205 1596 385 1634 Cholerae
409 1597 591 1644 graphica
614 1597 780 1633 narratio
805 1600 859 1633 87.
1034 1600 1088 1631 80.
1115 1599 1169 1631 83.

205 1653 405 1691 Christiani
444 1654 671 1690 calumniosa
715 1654 883 1690 oratione
931 1665 953 1689 a
988 1650 1224 1688 Feminarum
1243 1652 1396 1689 virtutes
1411 1652 1587 1700 propriae
1601 1657 1667 1690 243
1680 1665 1735 1699 sq.

250 1709 438 1747 Frontone
463 1710 623 1757 appetiti
646 1714 724 1747 263.
988 1707 1098 1744 Fides
1110 1720 1247 1746 arcana
1257 1709 1444 1746 humanae
1457 1709 1644 1746 amicitiae
1658 1714 1735 1746 166.

206 1767 392 1804 Ciceronis
417 1767 596 1814 epistulas
620 1778 748 1803 omnes
776 1766 954 1812 legendas
989 1764 1186 1805 Formulae
1203 1787 1247 1793 —
1265 1767 1537 1803 condemnandi
1558 1771 1624 1803 227
1642 1787 1684 1793 -—
1698 1766 1734 1802 in

251 1826 376 1862 censet
405 1824 526 1870 magis
564 1835 677 1870 quam
713 1828 840 1859 onmes
877 1823 954 1859 eius
1035 1823 1161 1859 multis
1185 1823 1386 1859 iudiciariis
1418 1828 1481 1860 103
1505 1844 1548 1850 —-
1571 1823 1611 1858 in
1634 1823 1735 1859 dela-

251 1882 448 1918 orationes.
474 1879 848 1927 EpistulisCiceronis
863 1879 954 1915 nihil
1034 1879 1197 1916 tionibus
1221 1884 1264 1916 75
1283 1901 1328 1907 —
1350 1880 1504 1926 petendi
1527 1880 1674 1916 veniam
1698 1880 1736 1916 in

251 1941 308 1975 est
336 1939 538 1985 perfectius
575 1942 650 1975 107.
691 1937 746 1973 De
777 1936 954 1973 Cicerone
1034 1936 1276 1973 relationibus
1302 1941 1366 1973 103
1388 1958 1431 1963 —
1448 1948 1674 1983 praeconum
1699 1937 1736 1972 in

251 1995 388 2032 iudicia
426 1995 624 2032 Frontonis
663 1999 718 2030 63.
762 1998 835 2029 114.
876 1998 952 2030 125.
1034 1993 1130 2028 ludis
1155 1997 1209 2029 26.

250 2052 481 2088 Nominatim
503 2052 549 2088 de
566 2052 645 2089 eius
662 2050 830 2087 oratione
847 2050 954 2086 Pom·
988 2049 1175 2086 Fortunae
1208 2050 1479 2096 appellationes
1503 2050 1631 2086 variae
1657 2054 1734 2087 157.

250 2109 387 2155 peiana
410 2114 486 2146 221.
1034 2107 1164 2142 Eidem
1200 2107 1288 2143 fana
1324 2108 1363 2142 et
1400 2107 1556 2143 delubra
1596 2107 1736 2154 passim

206 2165 309 2202 Cirta
333 2166 531 2202 Frontonis
554 2165 679 2212 patria
702 2169 779 2201 200.
1034 2163 1158 2200 dicata
1181 2167 1213 2200 8.

206 2222 390 2259 Cirtenses
414 2222 564 2270 plurimi
589 2221 782 2258 clarissimi
805 2225 881 2257 201.
988 2219 1096 2255 Fumi
1119 2220 1250 2257 laudes
1274 2225 1351 2256 211.

207 2279 385 2316 Codicum
413 2279 637 2316 nobiliorum
670 2278 870 2324 scriptores
895 2289 950 2313 ve·
989 2277 1138 2314 Gloriae
1147 2277 1281 2324 cupido
1289 2277 1497 2323 aegerrime
1505 2277 1730 2314 exuitur144.

250 2338 352 2372 teres
376 2341 432 2374 20.
989 2334 1184 2386 Gracchus*
1202 2335 1302 2370 locat
1324 2334 1452 2369 Asiam
1476 2335 1514 2369 et
1538 2333 1733 2379 Carthagi-

207 2391 501 2429 Commendandi
524 2404 604 2429 mos
626 2391 724 2428 unde
749 2393 851 2428 ortus
876 2396 951 2428 172.
1033 2402 1118 2427 nem
1142 2390 1280 2426 viritim
1305 2390 1437 2426 dividit
1462 2395 1538 2427 125.

207 2449 535 2486 Concordiensium
559 2449 704 2484 colonia
730 2452 804 2484 192.
989 2447 1104 2493 Gyari
1131 2451 1205 2482 164.

207 2505 343 2542 Consul
373 2506 525 2551 quidam
550 2506 695 2541 leonem
726 2504 953 2549 quinquatri-
988 2503 1477 2539 HistoricorumLatinorum
1486 2503 1734 2549 proprietates

252 2562 322 2598 bus
333 2562 506 2609 percutit.
528 2561 669 2597 Idcirco
676 2560 777 2615 apud
784 2571 954 2596 censores
1037 2564 1052 2595 1
1059 2564 1111 2596 14.

253 2619 466 2665 expostulat
489 2622 543 2655 82.
988 2615 1097 2652 Horti
1118 2615 1392 2652 Maecenatiani
1415 2615 1612 2652 Frontonis
1637 2619 1691 2652 23.

208 2676 430 2712 Consulatus
455 2674 612 2712 eiuratio
637 2678 691 2711 32.
987 2672 1164 2718 Hyaenae
1189 2672 1324 2708 collum
1348 2672 1509 2718 rigidum
1534 2677 1611 2708 239.

207 2733 352 2768 Cursim
380 2731 576 2768 scribendo
607 2732 700 2766 fiunt
732 2729 953 2765 infirmiores
987 2729 1102 2765 Iaculi
1140 2730 1331 2775 serpentes
1373 2729 1517 2764 nonnisi
1562 2729 1732 2764 directim

252 2789 402 2826 litterae
425 2793 480 2825 61.
1033 2786 1202 2822 feruntur
1224 2790 1302 2822 240.

207 2845 377 2882 Daduchi
400 2845 577 2882 Eleusinii
605 2849 679 2880 122.
989 2842 1129 2888 Ialysus
1152 2841 1374 2887 Protogenis
1398 2844 1474 2877 241.

207 2903 376 2939 Dausara
400 2914 423 2938 a
445 2902 485 2939 L.
498 2902 735 2948 Verocapta
760 2905 834 2937 121.
988 2898 1093 2935 Ilisus
1116 2902 1194 2935 259.
