1968 3158
322 176 400 219 174
599 176 647 210 M.
667 175 892 211 CORNELII
915 175 1192 212 FRONTONIS
1216 176 1557 213 EPISTULARUM

319 289 584 330 documentis
615 291 814 343 expertus
845 303 954 330 sum.
1010 289 1310 344 Habitavimus
1340 305 1440 345 una,
1473 291 1711 334 studuimus
1742 307 1842 347 una,

318 357 458 397 iocum
487 356 727 411 seriumque
763 357 1134 412 participavimus,
1175 357 1272 399 fidei
1305 358 1547 410 consiliique
1584 359 1843 414 periculum¹

318 424 544 478 fecimus,
592 424 789 465 omnibus
826 425 961 466 modis
1000 425 1189 467 amicitia
1226 428 1373 467 nostra
1410 428 1454 467 et
1480 426 1692 481 voluptati
1721 427 1845 469 nobis

319 493 362 531 et
390 491 486 532 usui
506 491 602 532 fuit.
647 491 931 540 Quamobrem
956 495 1165 547 quantum
1194 493 1427 548 plurimum
1457 508 1643 548 possum,
1674 496 1846 536 tantum

322 559 402 614 {²te
428 557 635 616 quae[so],
668 562 717 600 ut
748 560 965 602 carissimo
995 560 1101 602 mihi
1130 560 1294 602 homini
1326 561 1371 602 in
1403 575 1530 603 causa
1560 562 1704 604 faveas
1738 595 1746 604 .
1773 595 1781 604 .
1808 561 1846 604 .³

321 626 475 667 citarit*
494 626 546 667 ad
578 628 894 670 accusationem
924 628 1060 669 nostri
1089 629 1251 670 ordinis
1281 628 1434 671 virum.
1484 628 1566 671 Sed
1595 629 1718 672 lectis
1749 644 1847 671 con-

320 694 406 735 cilii
437 695 761 736 commentaris4
791 698 838 737 ta
871 729 878 736 .
916 728 924 736 .
963 695 1093 750 plane
1127 730 1134 737 .
1172 729 1179 737 .
1212 696 1320 738 facit
1353 730 1360 737 .
1397 730 1406 737 .
1440 695 1750 754 ⁵[propul]sare
1781 711 1846 739 co—

318 762 436 803 nisus
476 764 552 803 est.
623 762 871 804 Sollicitudo
912 761 1073 819 [animi]
1115 778 1210 805 mea
1243 797 1251 805 .
1288 764 1327 805 ,6
1363 764 1535 805 multis⁷
1568 779 1664 806 eum
1705 765 1844 807 verbis

321 830 633 872 commendare:
666 831 738 871 sed
767 830 900 871 fidum
930 845 1116 872 amorem
1146 832 1281 873 nostri
1312 832 1494 886 spondet
1526 865 1534 873 .
1572 833 1611 874 ‚⁸
1642 833 1743 887 quid
1773 847 1855 887 po—‘

319 897 486 951 stulem‚
520 898 756 940 orationem
786 898 904 939 vobis
934 913 1068 940 unum
1098 913 1238 940 meum
1268 899 1444 940 verbum
1473 900 1611 941 visum
1641 900 1708 941 iri.

610 1011 680 1053 II.
741 1011 993 1063 Φρόντων
1026 1013 1121 1054 Ἀπ.
1153 1013 1555 1069 Ἀπολλωνίδῃ9.

436 1102 727 1154 Κορνηλιανόν
767 1102 1018 1145 (ουλπίκιον
1060 1105 1203 1156 φιλεῖν
1242 1103 1429 1156 ἠρξάμην
1474 1103 1673 1159 ἡεΘεΙῙΟὶε
1703 1107 1764 1159 τῷ
1803 1118 1867 1161 red

297 1172 301 1176 '
319 1170 469 1223 τρόπῳ
484 1170 670 1222 τάνδρὸς
690 1171 859 1212 καὶτοῖς
882 1171 1048 1220 λόγοις·
1066 1171 1258 1223 πέφυκεν
1280 1172 1364 1223 γὰρ
1386 1172 1495 1223 πρὸς
1517 1172 1674 1222 λόγου(
1690 1171 1848 1224 ἄριετα.

322 1237 410 1279 Οὐκ
440 1238 492 1280 ἂν
523 1239 566 1279 δ’
597 1238 774 1289 ἔξαρνος
804 1238 894 1290 εἴην
925 1239 978 1280 τὰ
1008 1242 1159 1290 πρῶτα
1189 1240 1296 1291 παρ’
1327 1240 1420 1291 ἐμοὶ
1462 1240 1662 1292 φέρεεθαι
1695 1241 1772 1292 τὴν
1803 1241 1850 1282 ἐκ

321 1305 512 1347 παιδεία(
543 1305 689 1358 φιλίαν
711 1308 1000 1349 ευεταθεῑεαν·
1031 1306 1226 1349 παιδείαν
1248 1308 1294 1348 δὲ
1314 1307 1471 1359 ταύτην
1503 1308 1616 1358 λέγω
1647 1309 1726 1359 τὴν
1757 1310 1847 1351 τῶν

322 1372 537 1425 ρητόρων·
568 1373 672 1425 αὕτη
694 1374 776 1425 γὰρ
807 1376 924 1416 δοκεῖ
945 1388 1014 1426 μοι
1046 1374 1293 1427 ἀνθρωπίνη
1314 1389 1376 1417 τι(
1407 1374 1581 1417 εἶναιΗ·
1614 1375 1747 1418 12τῶν
1779 1389 1847 1429 φι-

322 1438 527 1492 λοςόφων
559 1441 650 1482 θεία
678 1455 739 1483 τι(
770 1441 889 1483 ectus.
937 1442 1157 1494 Βοήθηεον
1190 1442 1270 1485 οὖν
1300 1443 1351 1484 τὰ
1374 1444 1538 1485 δυνατὰ
1571 1444 1848 1500 Κορνηλιανῷ

322 1507 469 1564 ἀγαθῷ
502 1508 623 1560 ἀνδρὶ
652 1508 776 1560 κάμοὶ
807 1509 923 1563 φίλῳ
954 1510 1021 1551 καὶ
1052 1510 1104 1552 οὐ
1135 1510 1428 1564 φιλοώφῳΗ.

436 1677 458 1700 a
486 1669 527 1700 In
551 1670 716 1711 margine:
748 1666 1006 1702 Habitavimus
1030 1687 1073 1692 —
1097 1667 1261 1702 fecimus.

438 1806 453 1836 1
479 1802 537 1837 Ita
549 1802 678 1837 Maius.
714 1802 863 1838 Amicus
882 1802 919 1837 in
937 1802 1070 1839 Codice
1089 1804 1198 1839 vidit:
1225 1802 1346 1839 CONS
1368 1832 1373 1838 .
1396 1832 1401 1838 .
1425 1833 1429 1838 .
1450 1804 1466 1837 I
1486 1833 1490 1838 .
1514 1832 1519 1837 .
1542 1833 1547 1838 .
1567 1803 1622 1839 N.
1643 1804 1673 1839 O
1694 1833 1699 1839 .
1728 1804 1850 1847 LU(0;

322 1858 407 1892 hinc
433 1858 560 1892 addidi
586 1872 660 1904 qne.

435 1918 456 1949 2
481 1915 616 1960 IncipIt
640 1916 759 1950 altera
787 1915 948 1961 paginae
974 1916 1153 1960 columna,
1180 1927 1291 1961 quam
1316 1927 1389 1951 11011
1415 1916 1571 1952 contulit
1595 1917 1744 1952 amicus.

437 1976 456 2005 3
482 1971 620 2016 Supple
645 1972 721 2007 tres
744 1983 884 2007 versus.
932 1976 1058 2008 Maius.

436 2031 458 2061 4
483 2028 540 2062 Ita
565 2027 689 2062 Codex
713 2038 781 2073 pro
806 2033 1063 2064 commentariis.

437 2088 456 2118 5
482 2083 619 2129 Supple
644 2084 736 2119 duos
760 2084 837 2119 fere
861 2095 989 2120 versus
1013 2086 1051 2120 in
1074 2085 1131 2120 his
1155 2086 1274 2121 tribus
1300 2086 1448 2121 lacunis.
1489 2090 1612 2122 Maiam.

437 2143 457 2173 G
483 2139 620 2185 Supple
644 2142 721 2175 tres
745 2141 898 2176 litteras
949 2145 1074 2176 Maius

439 2201 457 2231 7
481 2196 600 2231 Maius
624 2197 776 2242 legebat
798 2201 910 2232 limitis
933 2208 1002 2243 pro
1026 2202 1144 2232 multis.
1195 2198 1414 2234 Coniectura
1439 2200 1494 2233 est
1518 2198 1732 2233 Heindorfii.

438 2257 458 2288 8
482 2252 621 2298 Supple
645 2253 719 2288 tria
743 2255 820 2288 fere
843 2254 968 2289 verba.
1020 2257 1146 2290 Maius.

437 2313 457 2344 9
482 2309 742 2354 Apollonidem
768 2310 954 2354 quendam
979 2310 1191 2356 chirurgum
1215 2311 1345 2346 laudat
1360 2311 1627 2355 Artemidorus,
1651 2287 1848 2346 Frontonis

325 2365 442 2400 nostri
467 2365 643 2410 aequalis,
669 2366 714 2401 de
740 2365 863 2402 Somn.
890 2366 951 2402 IV.
978 2371 1010 2402 3.
1061 2370 1186 2402 Maius.

418 2426 459 2457 10
482 2422 616 2468 Incipit
640 2422 727 2458 Cod.
754 2435 790 2468 p.
816 2427 892 2459 336.

418 2483 457 2513 11
484 2478 623 2513 Codex:
648 2491 775 2515 νειναι.

418 2540 458 2571 12
482 2535 640 2571 Videtur
664 2536 876 2571 addendum
901 2538 924 2580 ἡ
951 2538 999 2572 δὲ.
1051 2539 1284 2572 Buttmannus.

418 2597 459 2628 13
483 2593 541 2628 Ita
556 2592 686 2637 Maius,
712 2594 774 2638 qui
790 2594 988 2638 praeterea
1004 2593 1198 2629 adnotavit
1213 2594 1326 2630 breve
1350 2594 1571 2630 vocabulum
1595 2594 1655 2629 hie
1679 2593 1848 2640 supplen-

326 2649 412 2683 dum
443 2649 571 2685 videri.
620 2649 668 2683 Et
701 2649 854 2695 periisse
884 2651 1031 2695 septem
1061 2650 1119 2684 vel
1143 2650 1227 2685 octo
1258 2650 1402 2686 litteras
1432 2652 1590 2696 apparet
1618 2662 1662 2686 ex
1687 2651 1848 2686 editione

326 2705 486 2749 Mediol.,
510 2705 549 2739 in
573 2716 646 2749 qua
669 2705 789 2741 Maius
813 2706 969 2742 dederat
986 2707 1090 2751 ἀνδρὶ
1115 2708 1313 2753 δαμοφίλῳ
1340 2710 1400 2743 καὶ
1427 2708 1560 2753 [φίλῳ]
1587 2710 1647 2743 καὶ
1673 2709 1717 2743 οὐ
1744 2709 1847 2751 φιλο-

327 2763 444 2806 (όφυμ.
482 2762 629 2797 Amicus
654 2763 744 2797 nihil
768 2762 935 2797 distinxit
958 2765 1109 2808 praeter
1131 2764 1239 2798 haec:
1272 2764 1372 2809 φίλῳ
1401 2765 1426 2799 Κ
1453 2792 1460 2799 .
1484 2765 1512 2799 Λ
1532 2792 1843 2800 ............

412 2846 419 2853 .
469 2817 574 2860 Quod
597 2819 699 2854 locus
723 2819 904 2864 postulat,
935 2820 1022 2855 satis
1048 2819 1218 2856 convenit
1248 2832 1329 2855 cum
1353 2820 1424 2855 hoc
1449 2820 1570 2866 spatio
1594 2820 1727 2865 viginti
1751 2821 1847 2856 litte-

328 2886 467 2909 rarum:
499 2877 558 2909 καὶ
584 2876 699 2919 λογίῳ
726 2878 785 2911 καὶ
810 2877 855 2911 οὐ
881 2878 1092 2922 φιλοςόφῳ.
