1968 3158
479 199 544 236 AD
569 199 616 235 M.
638 199 896 236 CAESAREM
920 200 982 236 ET
1009 198 1213 236 INVICEM
1236 199 1382 237 LIBER
1404 199 1468 235 ΙΙ[.
1691 201 1748 244 55

205 315 307 371 pisti
346 315 489 372 legere
520 317 695 359 ornatas
730 318 773 358 et
802 316 1094 372 pompaticas¹
1129 316 1366 358 orationes:
1406 316 1496 358 noli
1527 316 1746 372 postulare

205 385 353 427 statim
384 399 455 426 eas
486 384 648 427 imitari
679 400 817 441 posse.
861 384 1037 440 Verum,
1071 387 1119 427 ut
1149 385 1250 440 dixi,
1284 385 1597 440 incumbamus,
1632 385 1746 427 coni-

204 455 371 495 tamur:
415 468 483 495 me
521 454 642 509 vade,
684 469 752 497 me
789 454 960 510 praede,
1007 469 1074 496 me
1113 468 1332 509 sponsore,
1382 454 1578 496 celeriter
1622 455 1664 495 te
1698 454 1745 496 in

206 523 428 564 cacumine
459 522 729 578 eloquentiae
760 523 923 565 sistam.
957 522 1029 565 Dii
1059 523 1236 577 facient,
1270 523 1337 564 dei
1366 523 1588 565 favebunt.
1621 522 1751 577 Vale,¹
1802 562 1811 571 ,

204 590 403 646 Domine,
449 593 517 634 καὶ
553 591 698 636 ἔλπιζε
735 592 802 634 καὶ
832 592 1002 644 εὐθύμει
1040 592 1106 634 καὶ
1137 592 1285 647 χρόνῳ
1324 592 1390 634 καὶ
1427 592 1621 646 ἐμπειρίᾳ
1658 592 1744 634 πεί-

204 664 295 702 θου.
354 659 539 702 Matrem
569 659 800 703 Dominam
831 660 985 702 saluta.
1038 659 1176 710 Quom
1205 659 1435 703 Persarum
1469 660 1743 717 disciplinam

203 742 474 783 memorares,
508 728 618 772 bene
649 729 826 771 battunt
857 728 958 771 ais‘2.

387 842 549 887 XVII.
593 843 728 888 Have
758 843 824 886 Mi
854 842 1038 886 Fronto
1069 843 1246 887 Merito
1279 843 1551 887 carissime.

314 934 530 991 Intellego
567 935 695 977 istam
731 937 852 978 tuam
891 935 1213 991 argutissimam
1251 935 1479 990 strofamss,
1529 951 1658 991 quain
1695 938 1743 978 tu

201 1002 374 1058 quidem
403 1003 716 1060 benignissime
746 1004 999 1060 repperisti3
1037 1006 1087 1046 ut
1125 1004 1226 1060 quia
1257 1003 1473 1045 laudando
1513 1019 1580 1046 1116
1617 1005 1743 1046 fidem

201 1075 378 1128 propter
407 1073 632 1130 egregium
663 1087 768 1129 erga
801 1088 869 1126 me
900 1087 1088 1115 amorem
1118 1075 1242 1115 tuum
1271 1087 1361 1114 non
1391 1072 1594 1127 habebas,
1634 1073 1742 1115 vitu-

201 1141 391 1196 perando
429 1141 545 1184 laudi
577 1142 705 1184 fidem
735 1142 1060 1198 quaereres³1⁴.
1123 1141 1205 1184 Sed
1236 1156 1260 1184 0
1291 1156 1360 1183 me
1390 1141 1580 1196 beatum,
1614 1142 1687 1197 qui
1718 1158 1742 1184 a

201 1208 349 1252 Marco
381 1209 579 1253 Cornelio
609 1226 718 1266 meo,
752 1213 920 1253 oratore
950 1211 1152 1266 maximo,
1183 1210 1358 1252 homine
1380 1211 1556 1266 optimo,
1591 1212 1634 1252 et
1653 1210 1742 1252 lan-

201 1278 294 1320 dari
325 1281 369 1320 et
398 1279 683 1335 repraehendi
714 1280 871 1336 dignus
903 1295 994 1322 esse
1013 1280 1191 1323 .videor!
1224 1279 1336 1330 Quid
1357 1294 1438 1336 ego
1469 1280 1520 1321 de
1558 1279 1643 1321 tuis
1674 1279 1742 1321 lit-

199 1347 304 1389 teris
337 1347 476 1390 dicam
506 1348 845 1405 benignissimis,
887 1348 1136 1404 verissimis,
1171 1347 1472 1391 amicissimis?
1508 1347 1742 1390 verissimis

200 1417 347 1458 tamen
369 1431 503 1472 usque
526 1417 578 1459 ad
598 1417 785 1472 primam
802 1419 972 1473 partem
992 1417 1127 1459 libelli
1153 1417 1238 1472 tuj3
1263 1432 1366 1459 nam
1391 1418 1545 1471 cetera,
1579 1417 1653 1458 ubi
1673 1431 1741 1458 me

201 1484 474 1541 comprobas,
525 1487 574 1527 ut
613 1486 674 1527 ait
717 1486 863 1528 nescio
908 1486 1003 1542 quis
1041 1501 1244 1542 graecus,
1284 1487 1389 1541 puto
1426 1485 1696 1541 Thucydides
1711 1486 1739 1540 5,

199 1555 439 1608 τυφλοῦται
468 1555 551 1608 γὰρ
588 1555 638 1597 τὸ
677 1556 838 1609 φιλοῦν
878 1556 974 1608 περὶ
1011 1556 1062 1598 τὸ
1093 1555 1376 1609 φιλούμενον.
1427 1554 1538 1596 Item
1568 1555 1616 1596 tu
1646 1568 1741 1609 par-

199 1622 279 1664 tim
308 1637 501 1665 meorum
530 1637 663 1678 prope
696 1637 822 1666 caeco
853 1638 996 1666 amore
1025 1623 1364 1679 interpraetatus
1397 1638 1453 1665 es,
1516 1622 1598 1665 Sed
1628 1623 1741 1664 tanti

200 1693 278 1746 est,
311 1706 378 1733 me
409 1705 497 1733 non
529 1694 645 1734 recte
677 1692 877 1747 scribere,
911 1694 955 1734 et
983 1694 1026 1735 te
1057 1692 1176 1734 nullo
1207 1706 1302 1734 meo
1332 1691 1500 1746 merito,
1541 1691 1615 1733 sed
1652 1691 1740 1733 solo

198 1761 273 1802 tuo
305 1775 410 1816 erga
439 1775 508 1802 me
540 1775 683 1803 amore
713 1761 910 1816 laudare3
946 1761 998 1803 de
1029 1775 1112 1817 quo
1142 1762 1191 1802 tu
1221 1760 1407 1818 plurima
1437 1762 1481 1802 et
1511 1759 1740 1815 elegantis—

199 1828 307 1871 sima
338 1829 392 1871 ad
421 1844 489 1871 me
510 1830 703 1885 proxime
735 1830 958 1886 scripsisti.
1019 1829 1130 1886 Ego,
1171 1830 1206 1871 si
1236 1831 1285 1871 tu
1315 1829 1513 1884 volueris,
1554 1843 1625 1871 ero
1666 1828 1740 1870 ali-

199 1897 314 1952 quid.
377 1896 578 1940 Ceterum
616 1887 788 1940 litterae
824 1901 924 1940 tuae
962 1898 1004 1940 id
1041 1898 1295 1953 effecerunt,
1336 1900 1406 1953 ut,
1448 1912 1577 1953 quam
1614 1896 1738 1939 vehe-

198 1967 366 2008 menter
395 1981 463 2009 me
494 1981 674 2022 amares,
709 1967 916 2009 sentirem
927 1967 956 2010 6.
1019 1965 1102 2009 Sed
1139 1967 1251 2022 quod
1291 1967 1345 2009 ad
1382 1966 1563 2020 ἀθυμίαν
1599 1981 1740 2008 meam

199 2035 377 2090 attinet,
409 2035 547 2077 nihilo
577 2036 720 2078 minus
752 2035 892 2078 adhuc
923 2036 1091 2078 animus
1121 2035 1267 2077 meus⁷
1305 2037 1433 2091 pavet
1472 2037 1515 2077 et
1551 2034 1739 2076 tristicu-

197 2102 263 2145 lus
295 2105 382 2158 est,
428 2119 483 2147 ne
523 2104 626 2160 quid
662 2104 789 2147 hodie
826 2105 874 2147 in
905 2106 1059 2147 senatu
1091 2104 1292 2159 dixerim,
1334 2106 1510 2160 propter
1547 2103 1660 2159 quod
1696 2104 1739 2145 te

311 2252 334 2277 a
365 2243 409 2276 In
445 2245 612 2287 marffl'ne:
661 2242 865 2279 Laudando
902 2253 961 2279 me
993 2242 1104 2278 fidem
1137 2242 1224 2288 [non
1248 2241 1449 2288 habemas,
1488 2240 1737 2287 vituperando

196 2297 309 2334 fidem
335 2327 342 2334 .
364 2327 370 2335 .
392 2327 399 2335 .
477 2327 484 2334 .
512 2298 604 2335 sisti.
620 2306 627 2310 ”

312 2430 329 2460 1
354 2426 456 2471 Lege
481 2425 738 2461 testimonium
761 2425 957 2461 Claudiani
977 2425 1153 2461 Mamerti
1180 2426 1218 2471 [1.
1237 2425 1288 2460 VI
1313 2438 1348 2471 p.
1369 2428 1434 2461 535
1460 2425 1516 2461 cd.
1532 2423 1663 2469 Paris]
1691 2423 1738 2459 ‹le

193 2483 409 2528 pompatico
436 2493 574 2528 genere
597 2483 860 2519 frontonianae
886 2482 1134 2527 eloquentiae.
1187 2485 1314 2520 Maius,
1602 2486 1606 2488 ’

309 2543 329 2574 2
356 2538 451 2581 Quid
477 2539 535 2574 est
558 2539 652 2574 hoc?
699 2540 876 2581 An‘bene,
902 2549 938 2575 vt
961 2545 1066 2581 αἰιιηΙ,
1092 2543 1242 2574 balmis?

310 2600 330 2631 3
355 2595 590 2631 Vocabulum
613 2596 817 2641 repetitum
840 2597 878 2632 in
903 2597 1073 2643 margine
1098 2602 1140 2632 ut
1163 2595 1342 2631 notabile.

309 2656 330 2687 4
355 2652 490 2698 Incipit
515 2651 604 2688 Cod.
630 2652 716 2688 Vat.
742 2665 779 2699 p.
800 2657 875 2689 154.

309 2713 330 2745 5
354 2709 472 2745 Immo
505 2721 592 2745 vero
623 2709 731 2745 Plato
761 2710 878 2755 Legg.
903 2710 947 2754 V,
965 2714 1028 2746 731
1054 2710 1095 2745 E.
1156 2709 1276 2745 Maius
1308 2709 1439 2744 laudat
1468 2709 1736 2754 Hieronymum

196 2777 327 2802 comm.
364 2766 403 2801 in
434 2766 494 2802 Os.
527 2767 673 2812 prolog.
705 2758 768 2802 lib.
789 2767 858 2811 III,
896 2766 959 2811 qui
994 2766 1092 2802 idem
1126 2766 1266 2802 dictum
1298 2766 1559 2812 Theophrasto
1590 2765 1735 2803 tribuit.

195 2823 324 2858 Plures
347 2823 531 2860 indicabit
553 2822 680 2858 Astius
705 2823 754 2859 ad
777 2823 972 2859 laudatum
996 2823 1164 2869 Platonis
1189 2823 1322 2859 locum.

311 2883 330 2914 6
357 2879 445 2915 Cod.
471 2893 527 2926 pr.
554 2890 601 2915 m.
629 2884 784 2916 sentire-S.

311 2941 330 2972 7
354 2936 450 2973 Add.
477 2948 548 2973 sec.
576 2949 623 2972 m.
