1968 3158
535 137 601 172 Al)
626 136 673 172 M.
701 134 998 171 ANTONINUM
1021 134 1086 170 DE
1110 130 1450 190 QRATloNlBUS.
1680 130 1758 172 157

223 256 291 297 ter
319 266 485 309 quoque
515 250 739 294 nonnulla.
801 250 946 292 Etiam
977 249 1207 291 lamminae
1246 246 1464 289 interdum
1494 243 1761 300 argentiolac

226 322 382 365 cloacis
410 320 711 375 inveniuntur3
740 333 846 362 eane
867 333 913 361 re
935 318 1105 360 cluacas
1120 317 1130 343 ¹
1148 315 1395 372 purgandas
1416 312 1704 356 redimemus?

338 389 529 433 Primum
560 388 665 430 illud
695 388 742 430 in
772 388 855 429 isto
886 401 1044 442 genere
1075 384 1244 427 dicendi
1268 384 1418 426 vitium
1448 381 1758 438 turpissimum,

223 459 336 516 quod
366 458 546 501 eandem
577 456 838 499 sententiam
868 454 1055 496 milliens
1094 453 1178 495 alio
1217 454 1344 508 atquc
1385 451 1469 493 alio
1507 450 1666 492 amictu
1697 449 1761 491 in-

224 527 397 570 dutam’*
428 524 661 569 referunffl.
705 523 767 566 Ut
796 522 1041 576 histriones,
1074 520 1229 577 quon1³
1260 519 1549 575 palleolatim⁴
1580 517 1759 570 saltant,

225 596 405 638 caudam
436 594 573 650 cycni,
607 591 810 648 capillum
830 590 1027 644 Veneris,
1059 589 1214 631 Furiae
1245 587 1463 644 flagellum
1494 587 1642 628 eodem
1672 585 1761 641 pal-

223 664 281 707 lio
311 663 628 706 demonstrant:
668 661 730 702 ita
767 659 840 701 isti
870 673 1003 700 unam
1034 657 1296 712 eandemque
1328 655 1590 698 sententiam
1620 653 1762 695 multi-

223 732 361 774 modis
390 731 559 772 faciunt
569 730 598 783 ⁵,
631 727 859 781 ventilant,
894 727 1175 779 commutant,
1210 726 1494 778 comvertunt,
1528 722 1677 764 eadem
1702 723 1762 764 la-

225 799 339 842 cinia
375 797 605 851 saluta11t⁶,
645 795 856 838 refricant
894 794 1075 836 eandem
1112 808 1246 835 unam
1282 792 1545 834 sententiam
1591 792 1762 846 saepius

223 881 353 923 quam
383 865 551 922 puellae
582 862 860 906 olfactariae⁷
892 862 1056 905 sucina.

337 933 579 976 Dicendum
609 935 675 975 est
700 932 752 974 de
780 931 958 973 fortuna
989 929 1180 985 aliquid?
1211 928 1350 971 omnis
1372 928 1431 970 ibi
1454 927 1667 970 Fortunas
1689 942 1761 969 an-

222 1003 357 1058 tiatis,
380 1002 748 1059 praenestilssnaS,
776 999 1063 1055 respicientis,
1096 997 1373 1040 balnearum⁹
1397 997 1528 1058 etiam
1548 996 1762 1038 Fortunas

225 1071 364 1114 omnis
386 1085 483 1114 cum
512 1070 668 1126 pennis
683 1069 729 1124 ¹⁰,
763 1083 860 1111 cum
880 1067 1010 1110 roteis
1026 1067 1071 1122 ¹¹,
1106 1081 1203 1108 cum
1224 1065 1528 1122 gubernaculis
1559 1064 1760 1120 reperias.

337 1138 485 1182 Unum
514 1138 698 1194 exempli
729 1152 859 1180 causa
888 1138 1040 1192 poetae
1079 1134 1376 1191 prohoemium
1407 1132 1760 1185 commemorabo,

225 1209 377 1264 poetae
407 1207 596 1249 eiusdem
625 1205 830 1261 temporis
862 1204 1135 1259 eiusdemque
1165 1202 1375 1257 nominis3
1404 1201 1488 1244 fuit
1519 1214 1652 1256 aeque
1674 1200 1762 1241 An-

223 1276 396 1319 naeusb.
458 1274 500 1317 Is
530 1274 655 1317 initio
687 1273 889 1316 carminis
906 1292 909 1294 ·
927 1273 993 1314 sui
1031 1274 1197 1327 septem
1234 1270 1385 1326 primis
1426 1269 1615 1311 versibus
1654 1268 1765 1310 nihil

225 1344 341 1386 aliud
371 1358 498 1399 quam
528 1346 630 1386 bella
656 1347 749 1396 plus
779 1355 900 1394 quam
929 1345 1062 1384 civilia
1099 1340 1438 1395 inter-praetatus
1477 1339 1554 1379 est.
1616 1336 1656 1378 N
1660 1334 1761 1393 u[nc

223 1411 321 1470 hoc]
354 1411 578 1467 16111166112
607 1412 712 1467 quot
724 1410 756 1437 ¹3
787 1408 1050 1452 sententiis?
1080 1411 1227 1461 Iusque
1256 1410 1394 1449 datum
1424 1409 1589 1448 sceleri.-

338 1479 438 1522 Una
467 1479 684 1522 sententia
714 1480 791 1520 est.
850 1481 902 1519 In
931 1491 1006 1519 sua
1035 1480 1194 1519 victrice*
1220 1488 1454 1517 conversum
1484 1477 1638 1515 viscera
1649 1490 1660 1514 .·

338 1548 431 1591 Iam
461 1548 567 1589 haec
597 1546 733 1589 altera
763 1548 841 1588 est.
904 1549 1185 1600 Coqnacasque
1215 1548 1344 1586 acies:

338 1615 484 1658 Tertia
513 1615 621 1657 haec
651 1615 745 1656 erit.
805 1617 855 1656 In
885 1627 1093 1656 commune
1122 1614 1262 1663 nefas:
1315 1619 1317 1621 '

339 1675 547 1734 Quartam
576 1678 789 1726 n‘umerat.
850 1685 1092 1733 Infestisque
1123 1684 1236 1722 obvia
1272 1683 1411 1730 siqua.-

289 1796 294 1800 ,
340 1753 402 1795 Α1
432 1752 548 1794 6111111
578 1754 681 1794 sunt
710 1751 920 1807 quaedam
950 1750 997 1791 in
1027 1749 1148 1791 libris
1180 1749 1270 1791 eius
1308 1747 1415 1789 scite
1446 1746 1582 1800 dieta,
1621 1746 1761 1801 gravi·
1817 1773 1823 1777 -

340 1867 363 1891 a
387 1858 432 1890 In
455 1858 625 1899 marqine:
666 1852 852 1888 Vitiosum
892 1851 1038 1887 dicendi
1076 1862 1194 1896 genus
1232 1850 1389 1886 eandem
1427 1848 1651 1884 sententiam
1688 1847 1761 1883 alio

227 1914 340 1956 atque
365 1911 438 1947 alio
463 1910 602 1946 amictu
625 1910 791 1945 induere.

341 1969 365 2004 b
392 1971 436 2004 ln
459 1972 630 2013 margine:
654 1967 856 2012 Vituperat
878 1966 1078 2002 Lucanum.

344 2065 361 2095 1
387 2061 446 2096 Ita
470 2058 606 2095 Codex.

339 2121 360 2152 2
384 2116 529 2162 Nempe
554 2116 693 2152 Fronto
719 2115 750 2150 is
775 2116 850 2158 est,
877 2114 940 2159 qui
963 2114 1043 2149 iure
1068 2124 1133 2148 suo
1159 2112 1206 2148 de
1231 2113 1302 2148 hoc
1327 2111 1417 2148 vitio
1444 2112 1639 2156 queratur!

341 2179 362 2210 3
386 2173 527 2209 Codex:
558 2186 666 2219 quam.

339 2235 362 2266 4
386 2230 440 2266 Cf.
466 2230 588 2265 Plaut.
614 2228 746 2264 Pseud.
772 2228 817 2264 V.
846 2232 875 2263 1.
902 2231 957 2263 28.

342 2290 363 2322 5
387 2286 563 2322 Orellius:
588 2286 748 2322 fortasse
773 2289 912 2320 iaciunt.

342 2347 363 2378 6
387 2343 506 2378 Maius
538 2341 702 2377 coniicit:
738 2346 878 2379 saltant.
927 2340 1101 2376 Orellius:
1139 2344 1336 2377 involutant.
1379 2338 1583 2384 Hauptius:
1621 2341 1762 2373 eandem

228 2404 385 2436 laciniam
407 2404 570 2437 volutant,

343 2461 362 2493 7
387 2455 573 2501 Hauptius
597 2456 636 2490 et
651 2454 836 2491 Usenerus
860 2455 899 2489 in
916 2454 1049 2489 Annal.
1067 2453 1297 2489 Fleckeiseni
1315 2453 1395 2488 XCI
1417 2465 1452 2498 p.
1472 2455 1539 2487 268
1564 2454 1759 2495 olfactoria.

343 2517 364 2548 8
389 2513 550 2559 Explicit
575 2512 768 2556 quaternio
794 2511 905 2554 XXX,
931 2512 1032 2546 cuius
1056 2513 1185 2545 notam
1210 2509 1351 2545 amicus
1368 2509 1508 2554 primus
1527 2507 1630 2542 vidit.
1670 2507 1760 2542 Inci—
1785 2497 1794 2506 ⁸

229 2570 285 2617 pit
310 2570 398 2606 Cod.
426 2582 461 2615 p.
488 2573 565 2605 344.

208 2627 221 2636 ‘
344 2631 365 2663 9
389 2626 508 2662 Maius
532 2625 662 2661 laudat
687 2624 791 2660 Grut.
819 2625 928 2659 inser.
955 2628 1009 2659 73.
1036 2628 1067 2659 5.

324 2688 365 2720 10
390 2683 479 2719 Cod.
505 2695 560 2728 pr.
587 2694 635 2717 m.
661 2684 793 2727 phenix.

325 2744 363 2775 11
391 2739 479 2775 Cod.
504 2751 586 2774 sec.⁴
603 2750 650 2774 111.
677 2742 774 2774 rotis.

324 2801 365 2832 12
390 2797 447 2832 Ita
470 2795 606 2832 Codex.

324 2857 366 2890 13
390 2852 530 2889 Codex:
556 2856 658 2900 qnod.
