1968 3158
282 163 364 204 258
730 158 777 192 M.
810 156 1034 191 CORNELII
1064 156 1339 191 FRONTONIS

282 289 362 325 ται,
393 274 460 315 καὶ
490 273 549 313 ὡς
580 271 712 312 εἰπεῖν
743 270 1020 322 ἐξορχοῦνται
1049 270 1125 312 τὸν
1158 269 1308 320 ἔρωτα.
1368 269 1606 322 (υγγράφει
1636 270 1706 323 δὲ,
1741 269 1801 310 ὥς

283 355 424 395 φαςιν,
456 340 479 381 ὁ
512 339 584 380 ςός
614 339 788 390 ἐραςτὴς
828 338 1008 389 ἐρωτικά
1037 336 1136 379 τινα
1161 337 1255 388 περὶ
1287 339 1363 378 coss
1394 337 1709 388 ςυγγράμματα,
1741 336 1801 378 ὡς

281 409 421 462 τούτῳ
453 407 503 457 δὴ
534 406 708 458 μάλιςτά
739 419 781 448 ςε
802 405 1043 447 δελεάςων1
1066 405 1133 446 καὶ
1153 405 1471 456 προςαξόμενος
1501 404 1568 444 καὶ
1597 404 1799 456 αἱρήςων·

281 478 332 518 τὰ
354 476 396 517 δ’
417 475 527 516 ἕςτιν
559 474 678 526 αἴςχη
710 474 776 514 καὶ
807 473 954 525 ὀνείδη
985 473 1053 515 καὶ
1085 474 1162 526 βοή
1193 485 1254 514 τις
1275 471 1509 514 ἀκόλαςτος
1529 470 1608 512 ὑπ’
1629 470 1801 522 οἴςτρου

282 542 635 595 προπεμπομένη,
667 540 814 583 ὁποῖαι
844 540 1000 592 Θηρίων
1031 541 1056 592 ἢ
1087 539 1385 593 βοςκημάτων2
1405 539 1481 581 ὑπ’
1511 539 1674 590 ἔρωτος
1705 541 1802 591 βρυ-

282 611 491 663 χωμένων
522 610 547 660 ἢ
578 608 941 662 χρεμετιζόντων3
969 609 993 660 ἢ
1025 608 1286 660 μυκωμένων
1314 607 1339 658 ἢ
1369 607 1646 658 ὠρυομένων.
1695 605 1802 648 Τού-

281 692 370 720 τοις
398 678 509 719 ἔοικε
539 677 591 719 τὰ
620 679 708 719 τῶν
740 677 942 728 ἐρώντων
981 675 1152 729 ᾄςματα.
1214 675 1255 716 Εἰ
1292 676 1400 724 γοῦν
1432 675 1676 726 ἐπιτρέψαις
1707 686 1803 715 ςαυ-

281 746 384 789 τὸν4
414 750 474 801 τῷ
514 745 664 799 έραςτῇ
702 747 875 796 χρῆςθαι
913 742 1051 784 ὅπου5
1090 743 1156 785 καὶ
1195 742 1326 784 ὁπότε
1365 742 1588 794 βούλοιτο,
1621 741 1719 783 οὔτ’
1749 741 1802 783 ἂν

282 814 429 866 καιρὸν
461 813 704 864 περιμείνας
734 812 997 862 ἐπιτήδειον,
1035 810 1134 853 οὔτε
1164 810 1316 857 τόπον,
1349 810 1447 852 οὔτε
1478 811 1660 862 (χολὴν,
1702 809 1803 850 οὔτε

283 882 471 934 ἐρημίαν,
503 880 612 922 ἀλλὰ
642 879 816 932 θηρίου6
847 878 964 930 δίκην
996 878 1081 920 ὑπὸ
1120 878 1271 929 λύττης
1302 877 1425 919 εὐθὺς
1455 876 1622 930 ἔχοιτο7
1654 877 1707 919 ἂν
1737 876 1803 918 καὶ

284 950 439 1003 βαίνειν
469 950 732 1000 προθυμοῖτο
762 947 907 999 μηδὲν,
923 946 1186 998 αἰδούμενος.

394 1011 534 1059 Τοῦτο
566 1016 624 1058 ἔτι
654 1016 851 1068 προςθεὶς
881 1013 1137 1056 καταπαύςω
1168 1013 1245 1055 τὸν
1267 1014 1414 1064 λόγον,
1445 1012 1509 1054 ὅτι
1530 1012 1670 1055 πάντα
1691 1015 1803 1055 θεῶν

282 1089 403 1137 δῶρα
439 1085 506 1126 καὶ
544 1083 647 1136 ἔργα
687 1083 765 1125 ὅςα
805 1083 849 1125 ἐς
888 1082 1132 1134 ἀνθρώπων
1171 1081 1316 1132 χρείαν
1354 1095 1400 1123 τε
1436 1082 1502 1122 καὶ
1539 1081 1691 1133 τέρψιν
1737 1081 1804 1122 καὶ

264 1154 496 1206 ’ὠφέλειαν
529 1151 739 1204 ἀφῖκταιῧ,
778 1151 831 1193 τὰ
861 1151 935 1202 μὲν
967 1149 1111 1191 αὐτῶν
1142 1149 1257 1191 πάνυ
1287 1149 1353 1190 καὶ
1383 1149 1521 1204 πάντῃ
1553 1149 1691 1202 θεῖαί),
1722 1151 1803 1199 γῆν

282 1235 388 1274 φημι
416 1220 483 1261 καὶ
515 1219 705 1271 οὐρανὸν
735 1219 801 1260 καὶ
830 1218 952 1268 ἥλιον
983 1217 1050 1258 καὶ
1079 1216 1304 1266 θάλατταν,
1337 1216 1483 1268 ὑμνεῖν
1515 1217 1589 1268 μὲν
1612 1218 1679 1259 καὶ
1704 1220 1803 1258 θαυ-
1849 1259 1859 1272 Ι

281 1289 424 1340 μάζειν
462 1286 736 1340 πεφύκαμεν,
771 1286 873 1337 ἐρᾶν
910 1286 952 1326 δ’
991 1284 1066 1335 οὔ,
1105 1285 1248 1326 καλῶν
1280 1284 1327 1325 δέ
1357 1298 1487 1337 τινων
1518 1284 1804 1336 φαυλοτέρων

281 1357 348 1397 καὶ
385 1355 633 1406 ἀτιμοτέρας
671 1354 819 1406 μοίρας
856 1352 1175 1405 τετυχηκότων,
1213 1351 1381 1394 τούτων
1418 1352 1496 1403 ἤδη
1536 1351 1701 1404 φθόνος
1737 1352 1804 1393 καὶ

281 1423 392 1475 ἔρως
427 1423 494 1463 καὶ
531 1424 660 1472 ζῆλος
696 1422 762 1462 καὶ
796 1420 942 1472 ἵμερος
979 1419 1210 1461 ἅπτεταιῑθ.
1273 1419 1346 1460 Καὶ
1384 1418 1424 1460 οἱ
1464 1419 1540 1469 μέν
1572 1433 1682 1462 τινες
1712 1420 1803 1471 κέρ-

282 1494 386 1532 δους
417 1490 589 1541 ἐρῶςιν,
621 1489 661 1530 οἱ
690 1490 737 1530 δὲ
768 1488 896 1540 ὄψων
928 1487 1002 1539 αὖ,
1044 1486 1091 1542 Ι11
1107 1486 1149 1528 οἱ
1179 1487 1226 1528 δὲ
1257 1485 1391 1528 οἴνου.
1450 1486 1516 1528 Ἐν
1547 1487 1598 1537 δὴ
1628 1490 1688 1542 τῷ
1718 1500 1802 1528 τοι-

284 1561 369 1612 ῷδε
393 1557 560 1611 ἀριθμῷ
599 1557 665 1598 καὶ
694 1555 826 1608 μερίδι
865 1555 1103 1597 καθίςταται
1139 1554 1189 1596 τὸ
1227 1553 1383 1596 κάλλος
1420 1553 1506 1595 ὑπὸ
1544 1556 1632 1596 τῶν
1670 1554 1804 1605 ἐρών-

282 1640 391 1675 των,
435 1625 586 1677 ὅμοιον
625 1624 763 1676 κέρδει
800 1624 866 1664 καὶ
904 1624 1005 1688 ρ’ψῳ
1044 1623 1112 1665 καὶ
1147 1622 1271 1677 μέθῃ·
1263 1621 1320 1646 ·¹2
1364 1621 1449 1663 ὑπὸ
1488 1622 1532 1662 δ
1562 1622 1683 1673 ἡμῶν
1714 1626 1803 1664 τῶν

281 1693 588 1745 θαυμαζόντων
620 1683 728 1744 μέν,
748 1692 802 1743 μὴ
834 1691 1036 1742 ἐρώντων
1066 1689 1173 1740 δέ13,
1215 1689 1366 1741 ὅμοιον
1396 1689 1502 1743 ἡλίῳ
1533 1690 1600 1731 καὶ
1630 1689 1803 1744 οὐρανῷ

282 1762 349 1804 καὶ
376 1765 430 1816 τῇ
462 1761 529 1803 καὶ
558 1761 762 1814 θαλάττῃ·
806 1759 858 1800 τὰ
895 1759 977 1810 γὰρ
1015 1760 1191 1800 τοιαῦτα
1227 1757 1390 1801 παντὸς
1428 1756 1590 1808 ἔρωτος
1626 1757 1803 1809 κρείττω

399 1968 415 1998 1
445 1963 583 1998 Codex:
609 1963 805 2006 δεχεάζων.
851 1961 1018 1996 Correxit
1042 1960 1240 1996 Iaeobsius.

397 2023 418 2053 2
444 2018 584 2053 Codex:
611 2022 737 2062 θηρῶν
763 2020 784 2061 ἢ
813 2018 1067 2062 βοςχημάτων.

398 2080 418 2109 ,3
444 2074 583 2109 Codex:
609 2075 935 2118 χραιμετιζόντων.
966 2073 1168 2140 Perperam
1180 2072 1315 2107 Maius:
1334 2072 1683 2116 χραιμετιζομένων.
1716 2071 1803 2107 Cor—

288 2132 435 2166 mxerat
458 2131 532 2165 iam
557 2130 758 2165 Bekkerus.

398 2191 419 2221 4
445 2186 585 2221 Codex:
617 2187 745 2221 αὐτὸν.
796 2184 964 2220 Correxit
987 2185 1183 2220 Iaeobsius.

400 2249 420 2277 ἵ)
445 2242 584 2277 Codex:
617 2243 681 2277 ὅτε
706 2243 762 2276 οὐ.
813 2241 982 2277 Correxit
1004 2241 1261 2276 ButtmannuS.

400 2304 420 2333 6
446 2299 586 2333 Codex:
612 2300 738 2342 θήρου.

401 2359 419 2390 7
446 2354 583 2390 Codex:
617 2356 739 2390 εἴοιτο.
793 2354 897 2396 Quod
929 2354 1067 2389 conieci
1095 2353 1366 2398 propemodum
1397 2355 1536 2389 certum
1562 2356 1628 2389 est.
1679 2355 1805 2390 Iacob-

288 2413 375 2446 sius:
401 2411 497 2454 θίγοι
521 2423 595 2446 ςου.

402 2472 423 2502 8
449 2466 588 2502 Codex:
614 2478 785 2511 αφεικτα.
835 2467 1004 2501 Correxit
1028 2460 1226 2501 Ialeobsius.

401 2528 420 2557 9
447 2522 586 2557 Codex:
611 2523 861 2559 ΠΑΝΙΗΙΘΕΙ.
912 2522 1079 2557 Correxit
1101 2522 1299 2557 Iacobsius.

380 2584 421 2615 10
447 2578 586 2614 Codex:
624 2580 793 2614 ἀπυεται.
843 2579 942 2614 Corr.
970 2580 1225 2614 Buttmannus.
1280 2578 1365 2612 Mox
1394 2578 1431 2612 in
1461 2578 1527 2613 Ed.
1559 2578 1703 2614 Mediol.
1736 2592 1804 2625 pro

289 2638 400 2679 ὄψων
424 2635 542 2670 Maius
567 2634 737 2670 ediderat
762 2637 878 2679 θύων,
903 2635 1000 2670 unde
1026 2635 1213 2670 Iaeobsius
1237 2635 1461 2678 θυωμάτων.

381 2697 419 2726 11
447 2691 580 2736 Incipit
606 2690 692 2726 Cod.-
720 2692 889 2726 Ambros.
913 2704 948 2737 p.
975 2696 1027 2727 73.

383 2752 421 2782 12
447 2747 565 2782 Maius
590 2748 717 2790 μέλιτι.
765 2747 966 2793 Corruptus
997 2748 1098 2782 loeus
1128 2748 1182 2782 ita
1211 2747 1346 2791 legitur
1376 2748 1424 2781 ils
1443 2746 1592 2782 Codice:
1641 2749 1805 2784 ΥΕΙΔΕΙ-

291 2803 765 2839 ΚΑΙΟΨΩΙΚΑΙΜΕΕΗΜΗ.

384 2863 423 2892 13
449 2858 587 2893 Codex:
614 2860 670 2902 δή.
