1968 3158
311 177 554 214 FRONTON.
580 177 645 213 AD
670 177 718 213 M.
750 176 1045 214 ANTONINUM
1070 176 1132 212 DE
1161 175 1482 219 ELOQUEN‘HA.
1587 176 1667 218 139

420 499 513 554 (M.
553 496 915 554 CORNELII
957 497 1376 553 FRONTONIS
1417 580 1420 581 γ

283 603 371 652 AD
407 602 471 652 M.
509 599 898 650 ANTONINUM
934 600 1018 648 DE
1054 599 1519 662 ELOQUENTIA¹.)

458 725 502 768 I.
563 723 827 781 (Antonino
857 721 1076 779 Augusto
1107 723 1328 777 Fronto.)

132 849 365 860 ......
403 815 434 871 42
467 849 475 858 .
511 849 519 857 .
556 850 564 857 .
601 849 608 857 .
646 849 654 857 .
697 814 874 858 castella
910 814 1157 866 verborum,
1198 814 1484 858 conciliabula
1520 814 1667 858 verbo-

131 900 224 929 rum
254 884 361 940 loco,
394 884 576 941 gradus,
609 883 821 939 pondera,
855 884 1041 938 aetates,
1074 882 1395 939 dignitatesque
1425 883 1665 926 dinoscere:

130 969 185 997 ne
220 953 267 995 in
306 952 501 995 oratione
539 954 835 1008 praepostere,
883 953 931 993 ut
969 951 1015 994 in
1051 951 1290 993 temulento
1329 966 1378 994 ac
1416 951 1668 1006 perturbato

131 1021 340 1076 convivio,
374 1020 699 1063 conlocentur³z
730 1034 839 1077 quae
859 1019 970 1062 ratio
1002 1019 1059 1062 sit
1088 1019 1219 1062 verba
1249 1019 1500 1076 geminandi
1531 1022 1574 1062 et
1603 1020 1667 1062 in-

130 1090 298 1133 terdum
318 1089 649 1146 trigeminandi,
681 1103 1008 1144 nonnumquam
1036 1088 1321 1144 quadriplicia
1332 1089 1362 1144 ⁴,
1396 1103 1523 1143 saepe
1545 1088 1666 1143 quin-

131 1159 250 1215 quies
282 1160 355 1200 aut
385 1172 435 1200 eo
465 1158 648 1214 amplius
679 1157 896 1213 superlata
924 1157 1134 1212 ponendi:
1185 1171 1240 1199 ne
1276 1157 1439 1199 frustra
1470 1171 1577 1198 neve
1608 1159 1668 1198 te-

131 1240 246 1269 mere
276 1226 502 1272 verborum
542 1228 680 1269 strues
720 1225 999 1269 acerventur²²
1011 1259 1022 1280 ,
1064 1226 1138 1268 sed
1175 1227 1225 1268 ut
1264 1227 1381 1268 certo
1419 1239 1469 1267 ac
1507 1224 1669 1267 sollerti

130 1294 316 1338 termino
345 1294 569 1353 uniantur.
804 1335 806 1337 ,

244 1363 350 1406 Post
377 1363 462 1406 ista
483 1363 627 1406 omnia
647 1363 924 1420 investigata,
958 1362 1243 1417 examinata-⁵,
1276 1361 1495 1416 distincta,
1528 1361 1667 1415 finita,

132 1432 326 1489 cognita:
357 1432 583 1475 verborum
611 1431 816 1486 omnium,
848 1433 898 1473 ut
925 1431 988 1473 ita
1016 1430 1210 1485 dixerim,
1244 1430 1324 1472 de6
1354 1429 1525 1485 populo,
1559 1429 1671 1472 sicut

246 1592 269 1617 a
294 1583 338 1616 In
362 1584 531 1626 margine.-
569 1579 625 1616 Ne
649 1580 791 1615 temere
816 1590 863 1615 ne
887 1579 1028 1624 frustra
1059 1579 1258 1614 verborum
1289 1578 1408 1614 strues
1433 1578 1668 1614 acerbentur.

248 1711 266 1742 1
293 1706 507 1752 Sequuntur
531 1705 675 1751 aliquot
698 1705 798 1749 folia,
823 1715 982 1749 quorum
1006 1703 1118 1739 series
1141 1714 1216 1739 non
1242 1703 1352 1739 certis
1376 1702 1608 1748 argumentis
1633 1704 1672 1738 et

131 1764 277 1800 indiciis
294 1764 422 1810 potest
439 1761 595 1798 restitui.
628 1761 748 1797 Maius
764 1761 803 1796 in
828 1761 991 1797 editione
1015 1760 1254 1806 negligenter
1278 1771 1357 1796 rem
1382 1759 1670 1803 administravit,

133 1821 198 1867 qui
226 1819 317 1856 folia
346 1819 535 1855 interdum
565 1817 620 1854 ita
650 1817 875 1864 disposuerit
904 1818 946 1853 ut
976 1828 1090 1852 unum
1118 1816 1248 1852 folium
1277 1816 1376 1852 inter
1406 1816 1499 1852 duos
1524 1817 1671 1860 quater-

132 1877 261 1914 niones
286 1876 581 1912 distribueretur.
632 1874 739 1918 Quod
769 1874 873 1919 dedi,
909 1873 1068 1920 explicui
1098 1873 1137 1908 iu
1167 1873 1465 1919 Prolegomenis;
1507 1873 1670 1908 concedo

133 1946 207 1971 non
238 1933 363 1970 omnia
391 1932 431 1967 in
463 1943 507 1968 ea
539 1931 781 1978 dispositione
807 1942 888 1967 esse
914 1929 1134 1974 certissima,
1167 1930 1233 1966 sed
1261 1931 1390 1966 tamen
1420 1929 1512 1966 mihi
1542 1929 1672 1966 videor

133 1991 327 2036 aliquanto
350 1988 505 2036 propius
531 1989 577 2025 ad
595 1988 795 2024 veritatem
812 1987 1021 2024 accessisse.
1056 1986 1222 2022 Titulum
1241 1987 1304 2032 qui
1328 1986 1367 2021 in
1393 1986 1528 2022 Codice
1553 1986 1671 2030 deest,

134 2046 249 2083 sumsi
279 2058 302 2082 a
331 2045 448 2090 Maio,
480 2045 543 2091 qui
572 2044 818 2081 Niebuhrium
847 2043 885 2079 in
917 2055 962 2079 ea
991 2055 1031 2079 re
1064 2043 1304 2088 sequebatur.
1353 2043 1438 2078 Non
1469 2043 1672 2079 admodum

135 2104 224 2140 utile
250 2105 288 2140 et
312 2103 542 2139 fructuosum
567 2113 646 2138 esse
670 2101 758 2136 duxi
783 2100 908 2136 omnia
931 2100 1083 2136 Maiana
1106 2099 1334 2144 describere,
1368 2100 1434 2136 sed
1459 2099 1490 2135 si
1514 2099 1596 2144 quis
1619 2099 1672 2134 in-

135 2160 267 2207 spiciet
295 2172 330 2206 p.
358 2163 426 2195 226
457 2160 495 2195 et
526 2163 592 2195 238
622 2158 690 2194 Ed.
722 2158 829 2194 Rom.
862 2156 1006 2193 videbit
1034 2156 1158 2203 ipsum
1188 2156 1308 2191 virum
1340 2156 1673 2193 eminentissimum

134 2216 358 2253 intellexisse
399 2216 594 2252 turbatum
629 2215 804 2250 foliorum
841 2213 1011 2250 ordinem
1042 2225 1065 2249 a
1098 2224 1137 2249 se
1179 2224 1254 2248 non
1292 2213 1506 2250 restitutum
1541 2213 1671 2255 fuisse3

135 2285 208 2319 quo
225 2274 346 2319 magis
362 2272 472 2309 venia
497 2272 622 2308 danda
646 2271 734 2316 erit,
760 2271 792 2307 si
815 2271 853 2307 in
879 2270 1102 2316 quibusdam
1127 2270 1294 2306 obscuris
1313 2271 1351 2305 et
1367 2269 1498 2306 laceris
1522 2269 1672 2316 paginis

135 2330 231 2366 ratio
256 2341 316 2366 me
346 2329 535 2365 interdum
559 2329 697 2374 fugisse
727 2327 926 2364 videbitur.
974 2328 1094 2363 Lucro
1124 2329 1253 2363 tamen
1285 2327 1424 2373 deputo
1457 2327 1558 2371 quod
1587 2337 1673 2362 mox

134 2387 174 2423 in
196 2387 363 2423 tractatu
387 2386 433 2422 de
458 2385 691 2421 orationibus
721 2396 741 2420 e
765 2385 844 2421 luto
869 2393 1116 2431 ernergemus.v

249 2447 270 2478 2
295 2442 430 2488 Incipit
453 2441 543 2478 Ood.
567 2454 603 2488 p.
630 2446 707 2478 404.

249 2504 270 2535 3
294 2499 397 2534 Haec
420 2497 608 2534 sententia
629 2497 761 2533 itidem
784 2498 923 2544 legitur
946 2498 985 2533 in
1001 2497 1183 2543 margine.
1218 2496 1388 2541 Quinque
1406 2495 1530 2542 prima
1546 2495 1672 2538 verba,

138 2568 234 2602 quae
265 2567 374 2591 sensu
398 2566 516 2591 vacua
540 2555 626 2590 sunt
649 2556 687 2590 et
711 2555 811 2590 artes
836 2555 984 2590 nostras
1009 2554 1179 2597 eludunt,
1213 2552 1372 2589 assumsi
1396 2563 1416 2587 e
1441 2552 1611 2598 margine
1635 2551 1672 2587 in

137 2624 211 2658 qno
237 2612 357 2648 solum
379 2611 565 2657 leguntur.
614 2610 727 2646 Errat
750 2610 869 2646 Maius
895 2610 959 2656 qui
981 2610 1076 2645 haee
1097 2610 1214 2646 verba
1238 2609 1275 2644 in
1293 2610 1365 2645 fine
1383 2619 1459 2653 seq.
1485 2620 1574 2654 pag.
1602 2609 1673 2644 col-

137 2669 285 2713 locavit,
311 2679 539 2713 quamquam
562 2668 685 2703 fateor
709 2678 793 2703 mea
815 2666 908 2702 nihil
931 2666 1124 2710 interesse,
1149 2678 1263 2711 quum
1288 2665 1348 2710 „in
1364 2665 1571 2702 temulento
1588 2676 1672 2701 con-

138 2725 259 2762 vivio“
286 2725 401 2761 verba
424 2724 668 2771 praepostere
693 2723 932 2760 collocentur.

252 2786 273 2817 4
298 2782 357 2818 Ita
381 2780 516 2817 Codex.

253 2842 274 2874 5
299 2839 358 2874 Ita
381 2837 516 2874 Codex.
564 2836 700 2873 Maius:
723 2840 904 2882 geminata.

253 2899 274 2930 6
297 2894 383 2930 Non
406 2895 566 2941 apparet
587 2893 627 2929 in
650 2894 772 2938 textu,
796 2893 862 2930 sed
885 2893 958 2930 vid.
984 2904 1102 2939 marg.
