1968 3158
416 162 482 199 AD
508 162 804 199 ANTONINUM
829 162 924 199 IMP.
952 162 1015 199 ΕΤ
1040 161 1246 199 INVICEM
1270 162 1414 198 LIBER
1439 162 1483 198 ΙΙ.
1644 163 1721 205 111

183 282 378 331 royitare,
414 283 548 320 omnia
572 293 742 332 pavere,
774 282 967 332 superbia
999 286 1122 331 alque
1152 282 1307 320 deliciis
1338 282 1492 320 omissis
1496 309 1721 320 ......

182 345 348 388 Formis
381 380 389 388 .
425 380 433 389 .
469 381 476 389 .
509 347 688 389 miserat
720 381 728 389 .
763 381 772 389 .
804 347 942 389 malus
982 381 990 389 .
1026 381 1034 389 .
1069 381 1077 389 .
1110 362 1165 389 ne
1205 347 1408 389 damnum
1442 381 1450 390 .
1485 381 1493 389 .
1529 381 1537 390 .
1569 346 1726 389 misisti

227 448 236 456 .
268 428 422 457 nonuS.
466 414 567 458 -Sed
600 450 608 458 .
644 450 652 458 .
688 449 696 458 .
730 430 856 471 quem
889 449 897 458 .
932 449 940 458 .
976 449 984 458 .
1017 415 1081 458 sal
1113 449 1121 458 .
1156 450 1164 458 .
1199 449 1208 458 .

686 563 797 607 VII.
839 562 1072 618 Magistro
1103 563 1220 607 Meo.

295 655 526 698 Orationes
557 654 773 697 desiderat
804 654 886 696 sibi
916 654 1128 696 Dominus
1165 669 1285 697 meus
1315 654 1452 697 frater
1490 656 1556 698 vel
1595 671 1619 698 a
1656 671 1723 698 me

180 723 272 765 vel¹
307 739 332 765 a
361 726 406 765 te
436 737 565 778 quam
595 723 783 778 primum
812 722 942 765 mitti.
1004 721 1087 765 Sed
1119 737 1198 778 ego
1232 721 1375 781 [malo]
1408 724 1466 765 mi
1498 725 1720 780 magister,

179 792 227 832 tu
263 791 434 846 mittas3
474 805 630 847 easque
670 794 719 833 ut
755 791 803 833 in
832 793 1036 846 promptu
1066 790 1262 846 haberes,
1304 792 1580 847 exemplaria,
1614 807 1723 848 quae

179 859 293 914 apud
323 874 401 902 nos
432 861 571 914 erant,
612 859 710 902 misi
740 859 834 902 tibi.
894 858 991 915 Ego
1020 874 1120 901 mox
1151 859 1236 901 alia
1267 859 1506 915 conficiam,
1552 861 1585 918 12
1614 876 1722 916 quae

180 961 364 970 .....
382 962 407 979 ,.
442 962 450 970 .
484 928 578 970 sine
598 928 672 970 in2
705 962 714 970 .
740 962 748 970 .
780 942 901 970 mora
930 927 1261 970 intercedenda3
1294 927 1378 969 alia
1405 928 1512 970 mihi
1534 930 1720 985 scripsit.

178 995 287 1038 Vale
317 996 375 1038 mi
407 996 652 1039 dulcissime
682 996 903 1053 magister.
962 995 1177 1052 Nepotem
1207 995 1360 1038 saluta.

674 1144 815 1188 VIII.
861 1144 1065 1189 Domino
1094 1143 1212 1188 Meo·

291 1235 375 1278 Pro
407 1238 550 1279 cetera
580 1250 685 1293 erga
714 1251 783 1278 me
813 1236 1108 1279 benivolentia
1137 1237 1214 1278 tua
1243 1235 1400 1291 fecisti,
1433 1236 1545 1292 quod
1566 1237 1720 1278 oratio-

175 1318 295 1359 num,
329 1319 435 1360 quas
464 1304 601 1347 frater
630 1307 731 1347 tuus
763 1304 974 1347 Dominus
1004 1306 1153 1347 noster
1183 1304 1514 1359 desideraverat,
1547 1305 1720 1347 mitten-

177 1371 328 1414 darum
358 1387 426 1415 me
458 1373 646 1429 gratiam
676 1373 788 1415 inire
818 1373 1004 1416 voluisti.
1066 1372 1260 1415 Adiunxi
1289 1373 1404 1416 ultro
1435 1388 1516 1430 ego
1545 1374 1720 1416 tertiam

175 1441 417 1483 orationem
462 1455 540 1496 pro
578 1441 885 1485 Demonstrato
923 1441 1160 1497 Petiliano⁷
1212 1442 1264 1484 de
1309 1457 1395 1497 qua
1433 1442 1496 1484 illi
1547 1442 1719 1497 scribsi3

179 1508 377 1564 adiunxi,
418 1509 644 1566 inquam⁴‚
684 1511 925 1553 orationem
961 1524 1039 1565 pro
1077 1509 1406 1565 Demonstrato,
1454 1525 1582 1565 quam
1623 1524 1719 1552 cum

175 1577 363 1632 primum
392 1577 520 1620 fratri
549 1580 624 1620 tuo
654 1578 812 1634 obtuli,
854 1578 983 1621 didici
1023 1593 1074 1620 ex
1114 1571 1183 1634 eo,
1231 1578 1606 1633 Asclepiodotum,
1646 1578 1719 1634 qui

175 1645 370 1688 oratione
400 1645 485 1688 ista
517 1646 809 1702 compelletur,
844 1662 868 1689 a
897 1649 941 1689 te
971 1661 1061 1689 non
1090 1646 1326 1702 inprobari.
1378 1645 1499 1696 Quod
1529 1646 1602 1687 ubi
1633 1646 1718 1701 pri-

175 1729 292 1756 mum
315 1708 542 1770 comperi,
594 1715 739 1758 curavi
778 1715 973 1771 equidem
1013 1715 1183 1757 abolere
1221 1715 1480 1757 orationem:
1522 1714 1596 1756 sed
1631 1714 1719 1756 iam

174 1785 425 1837 pervaserat
454 1783 501 1825 in
531 1798 685 1825 manus
714 1783 916 1839 plurium,
949 1798 1078 1839 quam
1107 1785 1157 1825 ut
1187 1782 1347 1825 aboleri
1376 1784 1533 1838 posset.
1581 1781 1719 1832 Quid-'³

174 1849 340 1905 igitur?
377 1850 511 1906 quid?
540 1851 732 1907 inquam.
795 1852 910 1895 Nisi⁶
940 1852 1314 1907 Asclepiodotum,
1368 1865 1464 1892 cum
1495 1866 1520 1892 a
1549 1853 1592 1892 te
1622 1865 1717 1906 pro-

174 1918 314 1973 betur,
347 1918 453 1960 mihi
484 1933 651 1975 quoque
682 1920 774 1962 fieri
806 1921 1126 1975 amicissimum,
1167 1922 1258 1961 tam
1287 1919 1462 1961 hercule
1493 1933 1621 1975 quam
1652 1922 1718 1961 est

174 1985 367 2029 Herodes
398 2002 587 2029 summus
618 2003 736 2030 nunc
763 2003 904 2044 meus,
947 2003 1206 2044 quamquam
1242 1989 1358 2030 extet
1396 1987 1546 2030 oratio.
1607 1987 1717 2030 Vale

173 2055 233 2096 mi
263 2054 447 2098 Domine
477 2055 734 2099 dulcissime.

290 2264 306 2295 l
333 2259 490 2296 Addidit
513 2260 651 2305 Maius3
678 2261 783 2297 deest
806 2262 846 2297 111
870 2261 1015 2300 Codice.

287 2321 307 2353 2
331 2316 468 2363 Incipit
493 2316 582 2354 Cod.
597 2317 729 2354 vatio.
755 2319 914 2355 obscura
936 2331 974 2365 p.
995 2323 1036 2354 72
1085 2319 1300 2355 Lectionem
1327 2318 1413 2355 dedi
1437 2318 1538 2363 Maii,
1564 2319 1627 2363 qui
1652 2319 1713 2354 ad-

173 2374 281 2408 notat
309 2374 407 2411 inter
437 2388 524 2420 quae
555 2375 594 2410 et
621 2378 695 2411 sine
726 2377 888 2420 quatuor
917 2376 1034 2412 verba
1063 2376 1296 2412 intercidisse
1333 2377 1371 2410 et
1407 2387 1520 2410 unum
1557 2376 1713 2411 verbum

173 2430 272 2466 inter
296 2433 331 2465 in
356 2431 394 2465 et
417 2444 524 2467 mora.
571 2431 630 2466 Du
654 2431 748 2466 Rieu
779 2432 889 2468 vidit:
928 2446 1016 2478 quae
1049 2461 1270 2468 .......
1301 2435 1304 2475 1
1325 2432 1423 2467 XEO
1452 2461 1710 2468 ........

174 2486 256 2522 INE
284 2515 290 2522 .
318 2486 353 2521 N
379 2515 385 2522 .
415 2516 422 2522 .
449 2501 555 2525 mora.

286 2549 307 2580 3
333 2543 570 2579 Heindorfius
594 2544 764 2590 corrigit:
789 2549 1033 2582 intercedente.

286 2603 309 2635 4
332 2600 539 2646 Epistolam
564 2601 613 2636 ad
635 2601 778 2636 Verum
800 2602 1022 2638 habebimus
1045 2602 1152 2638 infra.

287 2660 308 2692 5
333 2656 436 2699 Quae
467 2662 672 2703 sequuntur
707 2658 746 2693 in
776 2657 911 2694 Codice
941 2659 1117 2694 interiere
1149 2659 1188 2694 et
1217 2658 1337 2694 Maius
1374 2670 1419 2694 ea
1449 2660 1637 2706 supplevit
1667 2672 1711 2696 ex

173 2713 289 2760 Epist.
316 2713 366 2749 ad
387 2713 538 2750 Verum.

288 2774 308 2804 G
332 2770 483 2806 Lacuna
506 2771 614 2807 tanta
638 2772 714 2807 fere
739 2773 796 2807 est
820 2773 938 2808 altero
963 2772 1060 2817 1000,
1091 2783 1179 2807 nam
1209 2772 1246 2807 in
1277 2773 1405 2808 nostra
1435 2772 1595 2818 epistola
1619 2774 1711 2810 haec

174 2827 233 2862 vix
257 2826 443 2872 leguntur.
493 2827 730 2864 Heindorfius
755 2828 900 2865 scribit:
927 2831 1015 2872 Quid
1037 2834 1164 2875 iyitur?
1189 2833 1271 2876 quid
1295 2843 1382 2865 nunc
1402 2833 1556 2875 faciam?
1593 2833 1712 2866 Ascle-

171 2888 346 2929 piodotnm
370 2888 498 2921 curabo
524 2886 592 2920 cet.
