1968 3158
649 164 712 200 DE
738 163 895 201 FERIIS
920 163 1242 201 ALSIENSIBUS.
1628 165 1711 207 223

648 385 766 441 ΡΜ.
812 385 1238 440 FRONTole

547 499 633 547 DE
651 455 875 547 ‘FERIIS
911 497 1337 548 ALSIENSIBUS.

707 622 750 666 Ι.
795 622 1027 678 Mag1stro
1057 622 1175 666 Meo.

287 713 434 757 Ferias
456 714 568 770 apud
590 713 760 756 Alsium
781 713 936 770 quam²
958 713 1136 756 feriatas
1157 714 1387 770 egerimuS‚
1414 728 1502 756 non
1523 714 1710 756 scribam

172 782 268 839 tibi,
300 797 360 833 ne,
386 785 430 824 et
458 782 551 838 ipse
581 782 759 838 angaris
790 784 834 824 et
852 797 921 824 me
941 782 1157 837 obiurges,
1188 782 1246 825 mi
1268 782 1489 838 magister.
1538 782 1710 824 Lorium

173 852 317 893 autem
338 864 557 907 regressus
578 850 868 894 Domnulam³
897 865 1038 892 meam
1070 884 1079 892 .
1106 851 1143 891 ‚⁴
1173 850 1493 893 febricitantem
1524 851 1707 907 repperi.

172 917 364 961 Medicus
395 918 514 974 dicit,
555 920 591 961 si
623 918 736 961 cito⁵
765 918 890 961 nobis
920 933 989 961 me
1022 951 1031 960 .
1068 952 1077 960 .
1113 951 1122 961 .
1154 921 1203 960 tu
1234 933 1401 974 quoque
1432 919 1471 960 vi
1507 952 1516 961 .
1552 952 1561 961 .
1597 953 1606 961 .
1640 934 1709 961 va-

171 986 261 1029 leas
294 1019 304 1029 .
340 1020 348 1029 .
388 987 542 1030 laetior
585 987 681 1030 sim.
741 986 783 1029 N
788 985 890 1045 [am]
931 987 1066 1029 oculis
1111 1000 1235 1042 spero
1278 989 1323 1029 te
1367 984 1479 1044 [cum
1523 986 1710 1045 lau]dem

171 1054 290 1098 sanis
320 1057 364 1097 et
396 1088 405 1097 .
441 1088 449 1097 .
487 1057 525 1097 ,⁰
584 1054 692 1098 Vale
722 1055 783 1098 mi
811 1055 1035 1112 magister.

449 1203 521 1247 ΙΙ.
562 1193 766 1248 Domino
795 1203 898 1247 Meo
929 1172 1172 1247 Antonino
1203 1201 1438 1258 Augusto.

285 1306 432 1348 Ferias
463 1305 685 1349 Alsienses
719 1339 728 1348 .
764 1340 773 1348 .
805 1306 903 1348 misi
937 1339 946 1348 .
982 1339 991 1348 .
1023 1306 1069 1365 ni
1103 1340 1112 1348 .
1147 1339 1157 1348 .
1189 1306 1237 1348 in
1267 1305 1463 1348 nobellae
1485 1306 1586 1361 quid
1611 1320 1710 1348 can-

164 1375 289 1429 tetur
319 1373 462 1416 viniae
493 1376 622 1431 atque
655 1407 665 1417 .
701 1374 738 1416 ,⁷
769 1375 872 1430 quid
902 1375 1136 1416 multarum
1165 1374 1438 1416 rusticarum.
1499 1374 1706 1417 Catonem

171 1456 339 1498 quoque
368 1442 416 1485 in
445 1443 668 1486 oratione.8
702 1443 908 1486 'adversus
946 1442 1155 1498 Lepidum
1193 1442 1369 1484 verbum
1408 1442 1575 1484 cantari
1613 1442 1710 1484 soli-

170 1512 264 1552 tum
305 1525 658 1554 commemorasse
673 1545 684 1567 ‚
735 1525 831 1554 oum
871 1511 959 1554 ait:
1016 1513 1184 1554 Statuas
1223 1515 1377 1564 positas
1418 1512 1552 1552 Ochae
1589 1518 1712 1562 aeque

172 1582 453 1633 Dionysodoro
481 1584 744 1634 effeminatis,
778 1583 850 1632 que*
879 1584 1062 1632 maqiras
1087 1579 1318 1630 facerem9.
1382 1578 1429 1620 Id
1458 1579 1506 1620 in
1539 1611 1547 1620 .
1583 1612 1591 1620 .
1625 1593 1710 1621 me-

172 1649 250 1689 ant
282 1680 291 1689 .
319 1680 336 1700 .·
369 1647 506 1690 velint
534 1650 633 1704 post
669 1647 808 1690 redire
841 1680 851 1690 .
886 1680 895 1689 .
927 1647 974 1689 in
1012 1661 1062 1689 ea
1094 1680 1103 1690 .
1139 1680 1148 1690 .
1179 1647 1300 1689 facit.
1362 1646 1616 1703 Opportune
1652 1679 1662 1689 .
1698 1680 1707 1688 .

171 1714 296 1757 brum
328 1748 337 1758 .
373 1749 382 1757 .
415 1715 496 1758 rim
536 1715 740 1758 cantandi
770 1715 1029 1771 ludendique
1058 1715 1232 1758 initium
1264 1715 1455 1770 capiunt.
1517 1714 1576 1757 Et
1608 1748 1616 1757 .
1652 1715 1711 1757 ‚¹⁰

171 1783 354 1838 paravit.
771 1779 783 1784 ’

289 1925 302 1955 1
329 1920 465 1966 Incipit
483 1920 571 1956 cod.
597 1932 633 1966 p.
652 1924 730 1964 218,
755 1920 930 1956 obscura:
955 1919 1013 1955 Du
1029 1920 1124 1956 Rieu
1149 1931 1223 1955 non
1249 1919 1374 1955 omnia
1391 1918 1560 1956 contulit.
1583 1938 1627 1944 —-
1649 1919 1709 1954 Al-

172 1977 302 2012 siensis
331 1977 443 2013 villae
477 1977 734 2014 celebritatem
766 1977 824 2013 vel
853 1988 898 2013 ex
927 1976 1011 2023 ipso
1042 1977 1219 2014 Cicerone
1256 1976 1512 2022 cognoscimus
1543 1976 1591 2012 ad
1619 1977 1706 2011 fam.

170 2034 231 2069 lx.
257 2037 289 2078 6,
313 2034 362 2070 ad
386 2026 463 2070 Att.
489 2034 587 2070 xm.
615 2038 670 2078 50,
694 2044 762 2080 pro
786 2033 862 2069 Mn.
889 2038 943 2070 20.
994 2037 1120 2070 Maius.

285 2095 306 2126 2
330 2091 373 2126 ld
398 2092 456 2126 esf,
480 2104 577 2137 quant
600 2104 732 2136 parum.
783 2093 1019 2127 Buttmannus.

285 2151 306 2183 3
330 2147 389 2183 Ita
412 2147 544 2183 Maius.
593 2147 744 2183 Amicus
769 2147 992 2183 vocabulum
1017 2147 1246 2194 distinguere
1271 2160 1346 2185 non
1370 2147 1502 2194 potuit.

284 2208 307 2239 4
331 2202 471 2250 Supple
495 2215 610 2240 unum
633 2203 799 2240 verbum.
849 2207 977 2240 Maius.

285 2264 307 2296 5
330 2261 388 2296 Ita.
410 2260 542 2297 Maius.
583 2259 733 2296 Amicus
757 2260 970 2306 descripsit:
1003 2264 1160 2298 Medicus
1185 2289 1372 2300 ......
1397 2265 1475 2298 {cite
1500 2263 1605 2297 nobis.

286 2321 307 2352 6
331 2317 374 2352 ln
396 2317 453 2353 his
476 2317 618 2353 lacunis
643 2317 783 2353 cubant
808 2328 933 2353 versus
958 2320 1053 2354 octo.
1102 2321 1230 2367 Maius.

286 2377 306 2409 7
330 2373 561 2409 Hislacunis
586 2376 815 2419 occupantur
838 2385 967 2410 versus
993 2374 1200 2411 duodecim.
1245 2378 1371 2411 Maius.

285 2432 307 2464 8
331 2428 434 2472 Quae
458 2442 642 2475 nusquam
666 2429 756 2466 alibi
780 2433 1020 2467 memoratur.
1069 2431 1269 2468 Iordanum
1295 2434 1340 2468 cf.
1366 2445 1403 2478 p.
1431 2437 1485 2469 61.

285 2489 307 2521 9
330 2485 386 2521 De
411 2486 557 2531 magira
581 2487 619 2522 et
643 2486 799 2522 macello
823 2486 907 2531 lege
932 2487 1173 2523 Plutarchum
1198 2500 1232 2532 q.
1260 2499 1350 2523 rom.
1380 2488 1437 2523 ed.
1462 2487 1586 2524 Rcisk.
1614 2490 1701 2524 tom.

171 2542 240 2578 VII
263 2555 298 2588 p.
328 2547 402 2578 122.
454 2542 610 2578 Videtur
645 2544 770 2579 autem
803 2542 842 2577 in
871 2543 942 2578 hac
966 2543 1144 2579 adversus
1169 2544 1350 2590 Lepidum
1375 2544 1543 2580 oratione
1569 2545 1702 2580 dixisse

172 2598 265 2635 Cato
288 2598 327 2634 id
352 2599 452 2644 quod
476 2601 535 2635 ter
559 2601 689 2635 narrat
712 2599 949 2644 Plutarchus,
987 2612 1121 2646 nempe
1151 2600 1262 2636 malle
1293 2612 1332 2636 se
1362 2601 1400 2636 in
1431 2598 1543 2646 <fulgo
1576 2601 1705 2645 quaeri

171 2667 236 2691 cur
259 2656 361 2692 nulla
383 2667 450 2691 sua
474 2657 601 2692 statua
625 2657 740 2699 esset,
771 2667 883 2700 quam
916 2668 980 2692 cur
1004 2658 1114 2693 esset.
1165 2659 1289 2692 Maius.
1340 2658 1442 2692 Idem
1468 2657 1598 2692 scribit
1626 2661 1706 2693 Dio-

171 2716 355 2757 nysidorm
393 2712 476 2748 vide
508 2713 554 2748 de
585 2724 630 2748 ea
659 2713 780 2748 forma
816 2712 985 2751 Corssen.
1033 2714 1320 2759 Aussprache
1346 2714 1362 2749 I
1394 2726 1430 2760 p.
1455 2717 1522 2749 296
1554 2715 1592 2750 et
1628 2714 1705 2749 Rit-

171 2769 349 2805 schelium
373 2769 410 2804 in
435 2769 528 2820 Mus.
554 2769 670 2805 Rheu.
698 2769 765 2804 XII
791 2782 827 2816 p.
856 2774 936 2813 1053
962 2782 1090 2805 verum
1115 2770 1254 2806 amicus
1278 2770 1315 2805 in
1342 2770 1477 2806 Codice
1503 2771 1611 2806 vidit:
1644 2775 1675 2806 D
1696 2800 1702 2807 .

174 2857 180 2863 .
210 2853 218 2861 .
243 2830 410 2870 ysodoro.

264 2887 306 2919 10
329 2883 465 2919 Latent
488 2882 526 2918 in
550 2882 606 2918 his
629 2883 770 2919 lacunis
795 2895 924 2920 versus
949 2883 1131 2920 undecim.
1180 2886 1306 2920 Maius.
