1968 3158
271 101 353 144 278

717 99 907 134 INDICES
938 100 1004 134 AD
1029 99 1340 135 FRONTONEM.

316 226 352 258 p.
382 217 434 255 19,
459 215 535 254 210,
560 212 682 246 taeter
706 223 742 255 p.
767 214 852 254 -108,
876 223 1014 256 paenu-
1050 211 1076 246 C
1094 215 1274 247 redundat.
1299 212 1450 248 anexius
1466 226 1501 259 p.
1518 219 1572 258 51,
1589 218 1644 257 64,
1669 214 1792 249 devin-

319 269 374 303 ria
398 280 434 312 p.
459 271 541 309 2073
566 266 720 302 haerere
746 275 777 302 et
801 267 931 302 herere
956 281 1014 302 va—

319 328 423 358 riant.
478 326 566 358 Item
601 322 763 358 Naevius
801 331 834 358 et
868 323 1016 367 Novius,

319 380 550 424 Vologaesus
581 386 613 414 et
636 379 854 424 Vologesus.
902 382 1017 415 Etiam

321 441 354 470 in
385 438 674 470 terminationibus
710 439 789 479 fere
827 440 1016 481 promiscue

320 495 480 527 scribitur
505 503 524 527 e
550 500 582 527 et
608 503 668 536 ae,
694 495 740 536 cf.
764 504 800 538 Ρ.
828 496 882 528 52.
937 495 1016 530 Vid.

325 552 483 583 Corssen.
502 552 648 593 Ausspr.
666 548 684 582 I
699 561 735 594 p.
753 553 815 584 141
833 549 869 583 II
884 561 920 594 Ρ.
939 553 1015 585 391.

276 605 328 639 Ae
352 618 418 649 pro
444 616 499 649 oe,
523 615 671 640 maeror
693 617 732 650 p.
751 608 828 649 232,
851 604 1019 651 paenitet

320 674 356 706 p.
383 666 448 696 207
473 675 545 696 cum
568 664 744 697 derivatis.
779 664 831 705 Cf.
859 655 1017 698 Corssen.

322 720 468 761 Ausspr.
495 717 511 751 I
535 721 613 752 204.

275 773 424 808 Afluere
448 786 485 818 p.
512 777 570 817 783
595 773 729 809 afuisse
753 786 789 819 p.
816 777 870 810 63.

276 829 456 876 Apsentia
479 842 515 876 p.
533 834 608 874 135,
633 841 774 875 apsque
798 843 834 876 p.
860 834 915 874 85,
940 842 1020 876 aps-

270 887 281 898 “
321 886 440 922 tinere
465 899 536 921 cam
561 890 724 921 derivatis
747 899 783 932 p.
802 891 841 931 4,
867 892 931 924 133
956 893 1019 932 bis,

324 947 399 987 161,
424 946 501 978 206.
553 946 605 986 Cf.
638 946 786 978 Curtium
815 947 893 980 Val.
918 950 1017 982 2289.

278 999 387 1045 Apud
413 1007 446 1034 et
470 1000 577 1044 aput3
606 999 704 1045 >illud
728 1008 762 1035 et
785 999 884 1045 illut3
921 1002 1021 1037 haud

323 1064 355 1091 el
363 1056 470 1099 haut3
489 1055 569 1099 quit
581 1070 648 1100 pro
667 1056 756 1100 quid
768 1069 804 1102 Ρ.
817 1062 876 1101 73;
890 1058 1023 1103 aliquit

322 1125 357 1158 p.
375 1117 434 1155 733
459 1112 489 1146 it
503 1126 569 1156 pro
588 1104 642 1155 id,
669 1113 725 1147 set
747 1127 813 1157 pro
830 1114 892 1149 sed
920 1120 1022 1150 inter-

261 1168 265 1172 ’
324 1173 409 1203 dum.
444 1172 498 1213 Cf.
519 1172 676 1204 Corssen.
703 1172 851 1214 Aasspr.
869 1171 887 1205 Ι
909 1183 946 1216 Ρ.
966 1176 1018 1207 71.

278 1226 386 1260 Attat
408 1237 444 1270 p.
473 1229 547 1260 100.

279 1281 515 1316 Autscultare
538 1294 575 1327 p.
604 1285 668 1317 192
694 1282 732 1317 ot
755 1287 831 1319 237.

279 1336 309 1372 Β
330 1351 398 1382 pro
422 1350 444 1372 v
475 1344 509 1372 et
532 1341 602 1373 vice
627 1352 727 1374 versa
751 1351 773 1374 v
802 1353 868 1384 pro
898 1340 922 1374 b
946 1353 1021 1376 sae-

323 1397 462 1439 pissime
485 1408 516 1430 v.
538 1408 593 1439 qr.
619 1395 705 1430 vibo
730 1408 766 1440 p.
786 1399 862 1431 253.
896 1400 948 1431 De
972 1401 1024 1432 leis

322 1454 548 1495 peculiariter
560 1455 699 1496 scripsit
718 1454 921 1497 Martyria-s,
953 1455 1027 1488 Sed

328 1511 375 1541 ad
405 1508 607 1543 [frontonem
631 1510 756 1550 Afrum
780 1513 870 1553 quod
893 1514 1024 1551 attinet,

329 1567 484 1608 egregius
508 1570 559 1598 est
585 1566 718 1599 Isidori
739 1569 831 1600 locus
855 1568 889 1599 in
907 1567 1027 1601 Ortho-

327 1623 450 1664 fflapli.
476 1624 530 1657 ed.
557 1623 697 1656 Areval.
722 1621 747 1655 t.
774 1621 839 1658 ΠΙ.
876 1626 1026 1666 append.

329 1682 350 1712 3
373 1689 410 1721 p.
436 1679 518 1711 504:
556 1676 691 1720 hirtus,
721 1677 912 1721 boluntas,
936 1677 1027 1722 bita,

331 1733 390 1769 vel
403 1732 459 1767 his
472 1732 617 1777 similia,
636 1745 731 1778 quae
738 1732 820 1768 Affi
832 1733 1028 1770 scribendo

331 1790 480 1833 vitiant,
517 1789 665 1824 omnino
697 1789 898 1825 reficienda
934 1792 1029 1834 sunt,

332 1848 370 1882 et
393 1857 468 1881 non
491 1857 558 1891 per
574 1846 598 1880 b
617 1846 681 1881 sed
697 1856 766 1891 per
781 1858 805 1881 v
821 1846 1027 1882 scribenda.

333 1925 374 1928 —
411 1907 519 1937 Plura
548 1910 582 1937 et
612 1906 752 1938 meliora
781 1917 838 1947 ap.
872 1906 1029 1938 Corssen.

333 1962 556 2004 Aasspraclze
579 1959 596 1992 I
620 1971 656 2003 p.
682 1962 723 1992 61
749 1972 838 2004 sqq.,
865 1962 1030 2003 Beitraye

333 2029 369 2062 p.
397 2020 479 2058 158,
507 2017 704 2059 Nachtrd'ye
728 2028 765 2060 Ρ.
794 2020 868 2051 179.

270 2074 318 2107 ’Β
340 2086 406 2117 pro
430 2084 455 2117 p
482 2070 629 2115 scribsi,
661 2071 830 2106 scribtor.
880 2075 958 2107 Non
983 2080 1032 2107 ta-

334 2142 407 2163 men
436 2134 643 2163 constanter.
696 2130 822 2163 Contra
855 2140 881 2173 p
908 2142 976 2172 pro
1007 2129 1032 2164 b

337 2183 522 2230 suptilitas
545 2195 582 2228 p.
604 2187 679 2227 146,
705 2183 890 2229 suptiliter
913 2197 949 2229 Ρ.
978 2188 1029 2220 11.

338 2244 488 2288 Scaurus
505 2243 554 2275 ait
576 2252 612 2285 p.
633 2244 738 2275 2253:
765 2239 906 2276 credidi
922 2252 1033 2286 saepe

337 2296 444 2332 nobis
467 2308 492 2341 p
519 2295 645 2332 deesse
663 2296 701 2332 et
716 2296 813 2332 hanc
836 2297 860 2332 b
887 2296 1031 2332 dixisse.

338 2356 382 2387 In
400 2356 451 2387 leis
468 2356 674 2387 discordiam
689 2357 884 2397 scripturae
909 2356 951 2388 ab
975 2367 1034 2388 aa·

338 2412 430 2444 ribus
470 2415 565 2443 notat
601 2411 735 2451 Quintil.
766 2410 784 2444 I
810 2414 829 2445 7
860 2413 880 2452 ἓ
906 2414 941 2453 7;
989 2413 1035 2444 si-

338 2470 406 2501 cuti
441 2469 540 2500 etiam
575 2469 610 2500 in
644 2465 744 2500 imm.
783 2473 816 2501 et
850 2466 938 2501 inm.
988 2470 1035 2511 ef.

343 2527 496 2559 Corssen.
530 2525 751 2567 Ausspraclze
774 2523 791 2557 I
822 2535 858 2568 Ρ.
886 2527 930 2558 54
954 2534 1034 2567 sqq.

297 2581 432 2616 Benest
456 2592 492 2625 p.
522 2583 574 2622 75,
599 2582 676 2613 212.
716 2582 815 2614 Haec
839 2582 1039 2624 aphaeresis

337 2640 613 2682 frequentissima
644 2639 678 2670 in
711 2639 834 2671 Codice
867 2638 1039 2672 Ciceronis

342 2698 384 2728 de
408 2707 484 2737 rep.
505 2705 671 2737 perquam
695 2705 780 2727 rara
803 2699 855 2727 est
879 2696 914 2727 in
930 2696 1039 2728 Fron-

342 2754 492 2785 lontano.
542 2752 594 2792 Cf.
628 2751 785 2785 Corssen.
818 2753 1039 2794 Azcsspraclze

343 2809 375 2842 ΙΙ
400 2820 436 2853 p.
464 2812 517 2843 99.

1063 272 1068 276 ’
1097 267 1214 303 exerit
1253 277 1298 313 p.·
1322 271 1382 311 58,
1432 269 1600 312 quinctus
1643 283 1679 316 p.
1715 274 1790 306 107.

1098 325 1171 367 (Sic
1201 337 1258 367 ap.
1293 327 1361 359 Cic.
1393 328 1435 359 de
1471 338 1544 370 rep.
1575 326 1593 360 I
1626 331 1667 363 16
1698 331 1718 369 ἓ
1749 331 1794 362 25

1098 379 1295 424 quinctilis,
1320 385 1384 416 secl
1406 394 1497 416 corr.
1524 381 1699 426 quintilis.
1732 385 1793 418 lta

1097 446 1200 471 sacsa
1229 439 1349 471 scribit
1383 440 1522 482 Capella
1552 441 1608 473 lib.
1633 438 1685 473 III
1715 452 1793 484 cap.

1098 496 1140 526 de
1164 494 1332 537 semivoe.)
1384 496 1506 528 Tamen
1531 493 1659 529 anxius
1682 506 1718 540 Ρ.
1737 498 1792 530 52.

1099 551 1153 591 58,
1185 547 1291 584 anxie
1316 561 1352 594 p.
1380 553 1433 584 54.
1467 554 1522 585 97.
1578 554 1684 586 Deest
1718 563 1796 586 con-

1099 611 1232 639 stanter
1255 609 1289 639 in
1314 607 1475 649 artatus,
1500 606 1627 651 artior,
1657 606 1795 642 artissi-

1099 672 1196 704 mus,
1229 661 1326 705 arto,
1357 661 1505 697 artavit.
1556 666 1608 707 Cf.
1635 665 1794 700 Corssen,
1840 687 1843 689 -

1100 719 1248 761 Aasspr.
1274 717 1291 751 I
1314 729 1350 762 p.
1379 722 1431 753 17.
1460 722 1533 754 105.

1056 772 1109 807 Cu
1125 786 1190 817 pro
1207 784 1292 817 quu.
1319 785 1429 809 aecus
1445 785 1514 820 pro
1532 787 1672 820 aequus
1687 788 1725 822 p.
1743 779 1798 820 61,

1100 828 1243 864 anticus
1266 843 1331 874 pro
1356 830 1530 875 antiquus
1558 844 1595 877 p.
1622 836 1683 876 66,
1714 842 1799 868 ecus

1098 899 1166 930 pro
1191 896 1306 930 equus
1329 898 1365 931 p.
1391 891 1444 922 35.
1487 889 1550 932 (Et
1574 892 1705 934 quidem
1727 892 1799 928 uni-

1101 955 1173 977 cam
1203 954 1227 976 u
1255 947 1481 992 pronunciari
1514 947 1576 980 hoc
1606 949 1641 979 in
1670 948 1799 980 nomine

1101 1002 1150 1033 ait
1187 1001 1326 1044 Longus
1357 1011 1394 1044 p.
1421 1001 1537 1045 2223.)
1578 1001 1800 1036 obsecuntur

1101 1067 1138 1100 p.
1166 1059 1241 1099 134,
1266 1055 1413 1091 oblicus
1442 1068 1478 1102 p.
1506 1061 1560 1092 52.
1610 1060 1724 1103 Atque
1747 1060 1801 1093 liic

1103 1115 1203 1146 etiam
1226 1115 1434 1147 archaismus
1451 1121 1511 1154 est,
1537 1127 1612 1148 nam
1637 1125 1662 1158 q
1685 1127 1802 1149 recen-

1104 1172 1171 1203 tior
1195 1176 1248 1203 est
1271 1181 1367 1213 qaam
1392 1180 1421 1203 c.
1473 1172 1601 1205 Contra
1626 1181 1650 1214 q
1673 1184 1739 1219 pro
1763 1182 1798 1206 c:

1104 1224 1192 1268 quoi
1221 1237 1257 1270 p.
1284 1228 1344 1267 56,
1376 1224 1655 1269 quoiquoimodi
1677 1241 1735 1272 pr.
1759 1241 1801 1264 m.

1102 1293 1139 1326 p.
1168 1285 1249 1324 132,
1282 1280 1528 1325 quoiusquam
1556 1295 1593 1328 p.
1619 1285 1681 1326 86,
1714 1294 1802 1327 quo-

1102 1337 1232 1381 iusque
1248 1349 1285 1382 p.
1303 1341 1358 1372 47.
1386 1358 1429 1363 -
1455 1340 1517 1382 οΙἱ·
1535 1341 1692 1374 Cor-ssen.
1710 1342 1802 1375 Aus-

1102 1407 1174 1438 spr.
1194 1394 1210 1428 I
1233 1405 1270 1438 p.
1290 1398 1334 1429 33
1358 1405 1438 1443 sqq.
1465 1414 1508 1419 —
1539 1393 1633 1437 Quoi
1653 1409 1720 1440 pro
1746 1395 1805 1430 cui

1104 1463 1141 1484 se
1170 1462 1278 1494 puero
1302 1453 1408 1484 scribi
1434 1454 1565 1485 solitum
1595 1455 1644 1486 ait
1669 1454 1802 1493 Quintil.

1105 1506 1121 1539 I
1147 1509 1166 1540 7
1191 1509 1210 1548 ξ
1236 1509 1290 1541 27.
1339 1504 1458 1547 Quom
1490 1510 1705 1551 saepissime;
1736 1518 1806 1552 qur

1106 1574 1143 1607 p.
1171 1565 1246 1597 123.
1267 1565 1341 1597 158.
1363 1565 1438 1597 196.
1457 1566 1521 1597 221
1541 1564 1657 1608 (idque
1677 1567 1805 1608 probat

1109 1621 1237 1654 lsidor.
1268 1621 1322 1655 ed.
1354 1621 1494 1653 Areval.
1521 1633 1559 1664 p.
1586 1622 1688 1664 508),·
1718 1632 1807 1665 qum

1108 1687 1144 1720 p.
1154 1679 1230 1709 221.
1242 1678 1316 1710 181.
1333 1677 1427 1719 Lege
1434 1678 1654 1719 Papirianam
1660 1689 1697 1722 p.
1707 1681 1806 1714 2290.

1109 1734 1157 1766 Ec
1189 1734 1322 1777 quidem
1351 1736 1501 1766 nonnulli
1529 1737 1623 1777 apud
1656 1736 1808 1779 Longum

1109 1801 1145 1834 Ρ.
1157 1791 1244 1824 2219
1259 1791 1471 1832 scripserunt
1487 1792 1587 1823 etiam
1602 1800 1672 1833 qae
1685 1797 1717 1825 et
1732 1790 1805 1834 qid.

1111 1847 1163 1888 Cf.
1186 1847 1342 1879 Corssen.
1361 1848 1580 1889 Ausspraclte
1593 1845 1609 1880 I
1622 1857 1658 1891 p.
1668 1850 1712 1882 34
1725 1857 1804 1891 sqq.

1066 1900 1092 1936 C
1118 1908 1211 1941 reete
1232 1914 1300 1945 pro
1334 1912 1390 1944 cc,
1414 1901 1510 1936 baca
1532 1913 1568 1947 p.
1598 1906 1674 1946 195,
1700 1914 1807 1938 sucus

1110 1970 1146 2003 p.
1174 1961 1249 2001 161,
1275 1961 1352 2001 229,
1379 1956 1547 1992 sueinum
1568 1970 1607 2004 p.
1627 1963 1701 1995 157.
1750 1962 1807 2004 Cf.

1114 2016 1271 2050 Corssen.
1312 2016 1479 2059 Beitra'qe
1517 2027 1553 2060 p.
1588 2019 1648 2059 27,
1695 2019 1805 2051 ΝαοΙι-

1114 2076 1211 2116 traye
1237 2082 1274 2115 Ρ.
1302 2073 1355 2106 63.

1070 2127 1178 2163 Caius
1203 2134 1237 2162 et
1262 2125 1376 2161 Gaius
1398 2130 1546 2162 variant.
1587 2130 1809 2170 Quintilianus

1112 2183 1129 2218 I
1154 2187 1173 2218 7
1198 2186 1218 2225 ἓ
1243 2186 1287 2217 28
1322 2186 1372 2217 ait
1405 2188 1567 2227 scriptum
1603 2188 1734 2229 quidem
1765 2185 1806 2229 C,

1113 2242 1365 2284 pronuntiatum
1389 2245 1497 2274 autem
1521 2238 1644 2274 Gaius.
1687 2243 1735 2275 Et
1758 2245 1808 2276 sic

1116 2294 1235 2330 Gneus
1259 2308 1319 2330 seu
1336 2295 1470 2339 Gneus,
1495 2299 1545 2330 uti
1559 2309 1617 2341 ap.
1633 2295 1810 2333 Fronton.

1115 2363 1151 2396 p.
1172 2355 1246 2386 196.
1290 2353 1342 2393 Cf.
1358 2353 1515 2386 Corssen.
1531 2354 1679 2397 Ausspr.
1694 2353 1711 2388 I
1726 2365 1762 2399 p.
1778 2357 1810 2389 6.

1072 2407 1221 2443 Caudex
1242 2420 1309 2452 pro
1334 2407 1451 2442 codex
1479 2421 1498 2443 e
1521 2411 1649 2444 Catone
1671 2421 1709 2455 p.
1737 2413 1810 2446 100.

1073 2463 1216 2499 Coelius
1241 2471 1275 2498 et
1300 2462 1443 2500 Caelius
1461 2469 1612 2501 variant.

1073 2519 1163 2555 Com
1184 2533 1252 2565 pro
1277 2530 1362 2564 oon,
1394 2520 1639 2557 comflictatus
1671 2534 1706 2568 p.
1735 2527 1812 2568 187,

1120 2576 1323 2612 comfutare
1369 2588 1406 2622 p.
1445 2580 1526 2621 123,
1582 2579 1814 2615 comveniens

1118 2646 1155 2679 p.
1175 2636 1250 2676 159,
1277 2634 1503 2669 comvertere
1525 2646 1564 2680 p.
1587 2638 1661 2671 157.
1697 2637 1814 2680 (Eius-

1118 2693 1209 2724 modi
1231 2697 1283 2724 est
1312 2689 1554 2726 volumtarius
1576 2703 1614 2736 p.
1642 2695 1723 2736 119,
1753 2697 1817 2728 sed
1856 2684 1880 2686 Ἡ

1120 2745 1348 2782 voluntarius
1377 2758 1415 2791 p.
1442 2751 1516 2783 140.
1548 2749 1641 2793 219.)
1696 2751 1814 2794 Neque

1119 2807 1203 2838 llaec
1226 2806 1347 2838 menda
1368 2810 1461 2840 sunt:
1498 2818 1638 2850 namque
1666 2802 1821 2842 Victori-'
