1968 3158
719 151 786 187 AD
810 150 1108 188 ANTONINUM
1131 150 1262 187 PIUM.
1682 150 1764 195 165

216 269 477 326 postulem¹3
515 268 740 311 immemor
771 267 1001 322 amicitiae,
1034 267 1119 310 nisi
1151 266 1331 310 saltem²
1361 266 1631 322 deprecando
1663 266 1762 309 sub-

215 337 366 381 levem.

331 406 434 450 Fuit
463 407 557 450 sine
588 407 717 450 dubio
747 406 886 462 Niger
912 405 1143 449 Censorius
1174 405 1402 448 verborum
1433 418 1606 447 suorum
1637 405 1763 461 inpos

217 478 262 520 et
289 476 434 519 minus
474 476 791 530 consideratus,
830 475 905 517 sed
941 474 1055 516 idem
1084 473 1319 516 multarum
1349 475 1519 520 rerum?
1550 474 1668 530 frugi
1698 473 1764 515 vir

217 548 262 589 et
296 546 422 588 fortis
463 547 506 587 et
542 545 794 587 innoeensa.
852 543 970 585 Tuae
1009 542 1264 585 clementiae
1295 544 1382 598 est,
1422 543 1548 599 Imp.,
1588 542 1763 585 unicam

216 614 406 658 hominis
439 613 667 656 verborum
700 611 871 668 culpam
904 626 999 654 cum
1040 611 1192 654 ceteris
1232 611 1322 654 eius
1352 614 1469 654 recte
1497 612 1627 654 factis
1658 626 1762 667 pon-

217 683 379 726 derare.

331 750 428 808 Ego
475 750 647 806 quidem
686 763 783 791 cum
826 749 879 791 ad
919 748 1157 791 amicitiam
1198 748 1288 790 eius
1329 749 1511 804 accessi,
1560 764 1584 791 a
1618 782 1626 791 .
1663 783 1671 791 .
1707 781 1716 790 .
1752 782 1760 790 .

216 835 331 863 crem
353 835 376 862 c
400 853 408 862 .
436 853 444 861 .
481 853 488 861 .
525 853 533 861 .
566 818 636 860 m4
669 819 846 860 strenua
877 832 1008 873 opera
1029 817 1144 859 domi
1171 817 1356 872 bellique
1387 818 1716 873 promeruerant
1728 818 1758 859 ⁵.

214 888 277 932 Ut
307 890 471 931 ceteros
503 887 593 930 eius
625 887 784 929 amicos
815 886 1035 941 omittam,
1076 885 1270 928 Turboni
1301 886 1493 928 Marcio⁰
1531 888 1574 929 et
1604 886 1762 928 Erucio

215 957 367 1002 Claro⁷
409 958 502 999 erat
531 955 916 998 familiarissimus:
956 955 1029 1011 qui
1061 954 1172 997 duos
1203 955 1352 1012 egregi
1386 955 1467 997 viri
1497 954 1608 997 alter
1638 969 1762 1010 eque-

215 1026 331 1082 stris,
365 1025 475 1068 alter
496 1023 728 1067 senatorii9
759 1023 922 1066 ordinis
953 1022 1132 1079 primari
1161 1023 1352 1066 fuerunt.
1395 1023 1552 1066 Postea
1580 1038 1680 1066 vero
1711 1038 1763 1066 ex

213 1095 301 1137 tuis
346 1094 476 1136 etiam
520 1092 691 1135 iudiciis
736 1093 774 1135 ei
819 1092 1053 1148 plurimum
1098 1094 1141 1134 et
1186 1091 1362 1134 honoris
1411 1094 1454 1134 et
1491 1092 1762 1134 auctoritatis

215 1164 468 1206 accesserat.
530 1161 649 1204 Talis
680 1175 761 1217 ego
793 1161 870 1204 viri
911 1160 1148 1203 amicitiam
1181 1159 1383 1215 adpetivi.

279 1246 281 1248 ·
328 1231 459 1274 Haud
490 1230 670 1274 scian1¹0
709 1245 766 1272 an
803 1230 877 1286 qui
915 1229 1032 1271 dicat
1071 1228 1268 1271 debuisse
1298 1244 1366 1271 me
1399 1229 1634 1271 amicitiam
1666 1244 1762 1271 cum

214 1316 264 1343 eo
294 1300 488 1343 desinere
503 1299 549 1355 ¹¹,
581 1301 811 1355 postquam
850 1312 1140 1354 cognoveram
1170 1298 1359 1353 gratiam
1397 1298 1487 1340 eius
1526 1298 1639 1354 apud
1671 1298 1761 1340 ani—

212 1385 331 1411 mum
360 1370 484 1411 tuum
513 1368 802 1410 imminutam.

327 1437 574 1493 Numquam
611 1437 686 1479 ita*
705 1436 922 1479 animatus
952 1436 1038 1491 fui,
1078 1435 1213 1491 Imp.,
1255 1437 1303 1477 ut
1343 1437 1516 1491 coeptas
1555 1435 1602 1477 in
1634 1435 1761 1477 rebus

212 1506 430 1564 prosperis
462 1506 697 1561 amicitias,
731 1505 767 1548 si
798 1504 901 1561 quid
932 1504 1099 1546 adversi
1129 1503 1440 1560 increpuisset,
1474 1503 1758 1546 desereremb.

213 1576 274 1618 Et
294 1574 493 1630 omnino3
526 1589 600 1616 cur
621 1573 737 1616 enim
762 1588 852 1615 non
873 1572 1136 1615 sententiam
1159 1564 1353 1628 Wanimi
1374 1572 1458 1615 mei
1479 1571 1761 1628 expromam?

328 1736 351 1759 a
375 1726 420 1759 ln
444 1726 614 1768 margine:
639 1721 852 1757 Verborum
868 1720 977 1767 inpos
1002 1721 1040 1756 et
1056 1720 1178 1755 minus
1203 1719 1474 1764 consideratus,
1499 1720 1615 1765 frugi,
1640 1719 1758 1763 fortis,

212 1782 400 1817 innocens.

327 1839 352 1874 b
378 1841 423 1873 In
446 1841 615 1882 margine:
640 1836 852 1881 Numquam
878 1857 922 1861 —
947 1835 1168 1871 desererem.

330 1982 345 2011 1
374 1975 464 2011 Cod.
490 1987 546 2020 pr.
573 1986 621 2009 m.
648 1977 825 2019 postulone.

327 2038 348 2069 2
373 2032 462 2068 Cod.
488 2044 544 2078 pr.
571 2044 619 2066 m.
645 2035 797 2066 salutem.

327 2095 348 2127 3
372 2090 431 2125 Ad
454 2090 503 2125 M.
532 2088 634 2124 Caes.
661 2089 688 2123 I.
716 2093 753 2124 8:
780 2091 920 2124 omnium
945 2101 1058 2122 rerum
1079 2100 1194 2122 sanus.
1238 2085 1341 2128 Quae
1366 2085 1523 2132 perinde
1548 2086 1650 2121 dicta
1674 2088 1759 2121 sunt

213 2149 327 2194 atque
353 2159 412 2193 ap.
441 2146 515 2183 Cic.
541 2156 610 2192 pro
636 2144 760 2188 Quint.
788 2150 825 2181 3:
863 2153 1056 2180 ceterarum
1075 2157 1189 2179 rerum
1211 2147 1467 2188 paterfamilias
1491 2151 1525 2178 et
1548 2147 1700 2188 prudens
1725 2151 1759 2178 et

212 2211 374 2241 attentus.
422 2203 517 2239 Vide
542 2203 692 2239 Hotom.
721 2202 875 2238 Observ.
902 2201 965 2237 IV.
993 2205 1045 2236 11.
1081 2201 1214 2237 Graev.
1242 2201 1290 2236 ad
1315 2200 1388 2236 Cic.
1416 2200 1462 2236 de
1488 2200 1570 2236 Sen.
1591 2206 1622 2236 2.
1655 2203 1756 2236 Butt-

211 2275 363 2299 marmus.

326 2324 348 2355 4
373 2319 557 2354 Accurate
583 2316 670 2353 dedi
695 2315 841 2352 Codicis
867 2315 1084 2359 lectionem;
1111 2315 1220 2351 aliter
1235 2315 1368 2351 Maius.
1410 2315 1646 2351 Heindorfius
1663 2315 1757 2351 scire

212 2387 288 2412 non
311 2376 463 2423 poterat
487 2375 572 2411 octo
596 2375 745 2410 tantum
768 2373 914 2409 litteras
937 2373 1102 2419 periisse.
1165 2395 1167 2397 -
1642 2367 1645 2370 ’

328 2438 349 2469 5
374 2433 462 2468 Cod.
489 2444 546 2478 pr.
571 2443 620 2466 m.
644 2437 917 2477 promeruerunt.

328 2494 349 2525 6
375 2489 429 2525 Cf.
453 2489 561 2524 Dion.
590 2488 687 2523 Cass.
715 2491 769 2523 69.
800 2490 851 2523 18.
903 2486 1089 2532 Spartian.
1117 2486 1231 2522 Hadr.
1257 2489 1288 2521 5.
1340 2489 1466 2521 Maius.

329 2551 349 2582 7
376 2546 428 2583 Of.
455 2545 563 2581 Dion.
590 2544 691 2581 Cass.
718 2548 772 2580 68.
800 2548 855 2580 30.
895 2544 989 2579 Plin.
1016 2544 1083 2589 Ep.
1111 2544 1156 2578 II.
1184 2547 1216 2578 9.
1258 2542 1351 2578 Gell.
1376 2542 1485 2578 Noct.
1511 2542 1589 2578 Att.
1616 2543 1695 2578 VII.
1722 2547 1754 2578 6.

216 2609 256 2639 12
281 2604 379 2639 XIII.
408 2607 461 2639 18.
487 2607 519 2637 2.
569 2605 695 2638 Maius.

328 2664 349 2703 8
375 2659 464 2696 Cod.
490 2671 546 2705 pr.
573 2669 622 2693 m.
653 2662 748 2694 duos.

328 2722 349 2754 9
374 2716 463 2753 Cod.
489 2715 638 2752 videtur
661 2715 803 2750 habere
827 2718 991 2756 senatori,
1017 2714 1083 2750 sed
1106 2714 1298 2759 postrema
1321 2713 1449 2748 littera
1472 2713 1616 2749 incerta
1641 2714 1706 2749 est.

307 2778 349 2810 10
373 2773 450 2809 Sor.
475 2777 561 2809 scio.
608 2775 842 2817 Heindorfius.

307 2836 348 2869 11
375 2830 465 2866 Cod.
492 2834 652 2866 desinire.

310 2893 350 2926 12
376 2887 512 2935 Incipit
536 2886 624 2923 Cod.
651 2899 687 2935 p.
715 2890 792 2932 355,
818 2885 920 2923 cuius
944 2886 1130 2932 scriptura
1153 2884 1313 2921 difficilis
1334 2885 1432 2922 lectu
1457 2885 1524 2923 est.
