1968 3158
217 157 243 197 (5
500 152 546 186 M.
575 147 800 185 CORNELII
825 143 1101 181 FRONTONIS
1126 143 1472 181 EPISTVLARUM

218 271 335 310 tuam
366 268 451 308 iam
481 264 794 317 rescripseram,
828 260 970 301 dimisi
1002 260 1055 301 ad
1080 261 1145 314 te3
1177 252 1428 314 sequentem
1449 262 1593 302 autem
1613 260 1747 303 tabel-

218 336 371 377 larium
401 332 570 381 retinui‚
602 344 683 385 quo
715 343 765 370 ex
800 328 980 383 ¹gaudi0
1010 328 1320 383 resipiscerem.
1367 327 1481 369 Ecce
1511 342 1598 370 nox
1627 343 1747 383 prae-

219 402 356 454 teriit,
396 400 483 440 <lies
514 398 583 439 hic
615 399 679 438 est
709 397 838 438 ²alter
876 403 914 437 et
947 410 1082 451 prope
1114 397 1288 437 exactus
1321 397 1399 438 est.
1459 394 1617 438 Nescio
1647 397 1750 452 quid

220 471 293 511 aut
322 465 675 522 quemadmodum
716 464 819 505 3tibi
857 464 1103 505 rescribam.
1181 463 1289 513 Quid
1321 463 1435 505 enim
1467 477 1546 519 ego
1577 478 1750 519 possum
1803 480 1807 484 ‘

153 533 157 537 ’
219 534 464 588 iucundius,
505 532 603 587 quid
642 531 861 587 blandius,
903 532 1004 587 quid
1033 532 1248 574 amantius
1280 531 1426 584 ⁴quam
1457 538 1499 573 tu
1539 531 1748 574 scribsisti

219 602 364 645 1111111.5
388 635 395 642 .
423 634 431 642 .
458 634 465 642 .
493 634 501 642 .
562 600 621 641 Et
651 600 817 655 gaudeo
848 600 958 655 quod
988 600 1210 655 ingratum
1230 614 1299 641 me
1339 599 1345 654 1
1373 599 1389 625 ⁶
1421 601 1464 640 et
1493 599 1750 642 referundae

220 669 384 726 gratiae
413 669 622 723 imparem
652 668 807 723 facias,
841 668 1064 723 quoniam,
1098 670 1147 709 ut
1176 682 1243 709 res
1275 670 1360 722 est,
1392 668 1454 709 ita
1490 682 1558 709 me
1589 667 1748 723 diligis,

220 740 268 779 ut
297 750 376 791 ego
405 738 448 778 te
478 737 618 792 magis
650 751 792 778 amare
822 736 892 777 vix
922 736 1122 790 possim7.

331 804 471 860 Igitur
501 806 550 845 ut
579 806 881 859 argumentum
920 803 1091 858 aliquod
1128 803 1345 858 prolixiori
1389 804 1596 858 epistulae
1633 818 1752 860 repe-

221 873 341 926 riam,
368 872 492 926 quod,
517 886 590 913 oro
611 872 701 926 Ste,
718 872 770 913 ob
792 871 992 913 meritum
1019 872 1079 913 sic
1099 886 1168 913 me
1190 871 1338 913 amas?
1368 871 1470 926 quid
1490 871 1571 913 iste
1590 870 1752 914 Fronto

221 942 390 982 tantum
420 940 523 982 boni
552 939 677 994 fecit,
723 941 772 980 ut
810 953 906 981 eum
942 941 1066 980 tanto
1104 953 1230 994 opere
1266 941 1315 980 tu
1359 938 1547 995 diligas?
1614 938 1753 995 Caput

221 1023 344 1050 suum
382 1022 458 1063 pro
496 1009 540 1049 te
579 1009 654 1049 aut
690 1007 942 1062 parentibus
979 1007 1065 1048 tuis
1101 1006 1300 1048 devovit?
1359 1006 1671 1049 Succidaneum
1708 1022 1753 1050 se

222 1091 298 1132 pro
327 1076 480 1118 vestris
511 1075 711 1130 periculis
751 1075 972 1116 subdidit?
1030 1074 1303 1116 Provinciam
1346 1075 1533 1130 aliquam
1570 1075 1755 1118 fideliter

223 1143 598 1186 administravit9‘?
664 1143 913 1184 Exercitum
952 1141 1104 1184 duxit?
1168 1141 1290 1183 Nihil
1328 1156 1486 1184 eorum.
1548 1142 1614 1184 Ne
1653 1143 1755 1185 coti-

223 1212 361 1254 dianis
392 1212 562 1266 quidem
591 1211 686 1252 istis
716 1210 869 1252 officiis
902 1210 1014 1252 circa
1052 1212 1096 1252 te
1125 1211 1297 1264 praeter
1335 1211 1496 1251 ceteros
1534 1210 1754 1266 fungitur:

225 1282 267 1322 et
295 1281 425 1321 immo
459 1279 490 1304 ¹0
505 1312 689 1321 ......
729 1278 793 1321 vel
826 1279 862 1319 is
893 1278 998 1319 satis
1028 1277 1294 1333 infrequens.
1355 1278 1470 1320 Nam
1506 1293 1646 1334 neque
1685 1279 1755 1321 do—

223 1363 340 1389 mum
370 1349 555 1390 vestram
586 1347 770 1389 diluculo
799 1346 1008 1401 ventitat,
1041 1357 1179 1401 neque
1211 1346 1363 1388 cotidie
1394 1346 1577 1401 salutat,
1616 1360 1756 1402 neque

224 1416 379 1470 ubique
419 1416 666 1470 comitatur,
720 1429 800 1456 nec
838 1428 1006 1469 semper
1042 1414 1268 1469 spectat¹¹.
1336 1413 1447 1456 Vide
1483 1414 1639 1470 igitur,
1691 1417 1753 1469 ut,

225 1484 354 1538 siquis
392 1484 630 1539 interroget
667 1497 741 1525 cur
780 1482 1042 1524 Frontonem
1081 1496 1217 1536 ames,
1270 1482 1430 1524 habeas
1467 1483 1513 1523 in
1555 1484 1778 1538 promptu

225 1551 335 1606 quod
363 1551 491 1592 facile
521 1551 792 1606 respondeas.

338 1620 399 1660 At
437 1633 516 1674 ego
554 1618 663 1661 nihil
700 1619 871 1674 quidem
908 1619 1022 1660 malo
1060 1633 1189 1674 quam
1228 1619 1383 1660 amoris
1430 1632 1534 1674 erga
1581 1632 1649 1660 me
1692 1618 1758 1660 tui

318 1794 334 1824 l
361 1790 485 1825 Prima
510 1800 640 1824 munis
666 1789 823 1825 dedeiat
845 1794 984 1834 «jandiu

317 1851 337 1881 2
362 1847 465 1882 Haec
489 1846 547 1882 cst
562 1845 766 1881 Heindorfii
790 1847 1019 1889 coniectura3
1046 1846 1095 1881 du
1110 1845 1204 1881 Rieu
1219 1845 1330 1891 legit:
1354 1844 1663 1880 ALIERETVLA
1673 1873 1756 1880 .....

228 1910 380 1938 exactus.
429 1902 681 1938 Eichstadius:
707 1906 781 1938 dies
804 1906 857 1938 laic
882 1911 915 1938 et
937 1903 1018 1948 ipse
1043 1914 1172 1949 prope.

318 1964 338 1994 3
361 1959 479 1994 Maius
504 1962 687 1994 rescribam
711 1962 789 1999 tabi,
828 1960 892 1995 sed
916 1972 939 1995 a
962 1959 1084 2006 prima
1108 1971 1221 1996 manu
1250 1959 1398 1995 videtur
1424 1970 1505 1995 esse
1531 1959 1631 2005 quod
1661 1958 1759 2003 dedi,

229 2027 454 2060 quamquam
480 2016 662 2061 scriptura
686 2027 760 2051 non
786 2016 876 2052 satis
902 2018 1005 2052 certa
1029 2017 1096 2052 est.

318 2077 339 2107 4
362 2073 464 2107 Haec
494 2073 676 2108 vocabula
706 2073 892 2119 supplevit
922 2073 971 2108 du
994 2073 1098 2109 Rieu.
1163 2074 1206 2108 In
1236 2072 1369 2109 Codice
1400 2073 1492 2108 nihil
1523 2074 1581 2108 est
1609 2073 1759 2118 praeter

228 2128 424 2174 vestigium
447 2129 578 2165 literae
604 2145 624 2175 q
650 2131 687 2165 et
712 2129 874 2174 spatium
898 2130 1058 2175 quatuor
1080 2130 1300 2166 litterarum.

321 2189 340 2220 5
366 2185 537 2230 Sequitur
563 2187 724 2231 spatium
753 2186 933 2222 tredecim
964 2187 1192 2231 litterarum,
1222 2188 1261 2221 in
1286 2197 1358 2231 quo
1383 2181 1501 2222 Maius
1531 2185 1623 2221 nihil
1652 2186 1758 2222 vidit.

231 2241 279 2276 du
303 2242 396 2277 Rieu
421 2243 468 2278 ab
492 2243 597 2278 initio
622 2244 698 2278 tres
722 2243 885 2278 litteras:
913 2243 1009 2279 ORO
1026 2273 1032 2279 .
1050 2273 1056 2280 .
1076 2273 1106 2279 ..

320 2302 340 2332 6
365 2299 498 2344 Incipit
524 2300 610 2335 Cod.
637 2300 808 2335 Ambros.
837 2312 872 2346 p.
894 2304 968 2335 100.

322 2360 340 2390 7
367 2355 472 2390 Cod.:
496 2370 641 2401 possem.
677 2373 682 2377 ·

321 2415 341 2445 8
367 2411 490 2447 Codex
515 2421 548 2448 et
572 2415 609 2448 et
634 2425 725 2449 corr.
755 2422 798 2449 te.
961 2431 988 2438 -

321 2473 341 2503 9
366 2467 512 2514 Scripta
536 2471 591 2505 est
614 2470 708 2506 haec
732 2470 892 2516 epistula
916 2472 1002 2524 ante
1030 2470 1229 2517 imperium
1252 2470 1449 2507 Frontonis
1485 2470 1762 2516 proconsulare,

232 2524 276 2559 de
303 2535 374 2568 quo
400 2536 520 2560 sermo
546 2527 617 2561 erit
639 2527 678 2562 in
703 2528 944 2571 sequentibus
967 2527 1090 2572 libris,
1127 2539 1354 2573 quamquam
1378 2527 1417 2563 id
1441 2527 1563 2573 ipsum
1593 2539 1667 2563 non
1690 2527 1762 2570 nisi

233 2580 465 2625 designatum
489 2583 602 2618 fuisse
627 2583 784 2619 videtur.
835 2588 959 2620 Maius.

302 2641 343 2672 10
369 2637 506 2674 Codex:
545 2639 984 2676 SVE1.1VELISSATIS.
1046 2641 1339 2677 Berolinensium
1369 2640 1577 2676 tentamina
1606 2640 1690 2675 vide
1721 2639 1760 2675 in

232 2692 325 2727 Add.
352 2706 388 2742 p.
408 2699 484 2730 294.

304 2753 341 2783 ll
368 2750 466 2795 Eigo
492 2752 663 2797 antiquus
688 2753 893 2790 officiorum
916 2754 1065 2790 illorum
1088 2767 1168 2791 mos
1194 2756 1273 2790 tum
1291 2755 1411 2790 adhuc
1426 2753 1643 2789 immutatus
1660 2754 1762 2799 vige—

233 2803 309 2838 bat.
348 2808 558 2844 ΝἱεὸιιΙιιῖιιε.
608 2809 679 2843 Pro
703 2818 838 2854 spectat
860 2811 1018 2856 legerim
1043 2819 1208 2857 eoepeetat
1232 2823 1281 2847 sc.
1307 2811 1395 2846 dum
1410 2809 1596 2856 prodeat
1586 2822 1624 2845 111
1640 2810 1760 2856 publi·

235 2870 316 2893 cum
340 2862 530 2906 patronus,
555 2876 666 2908 quem
692 2866 897 2902 comitetur.
938 2871 1170 2913 Heindorfius.
