1968 3158
295 166 373 207 148
572 165 619 199 M.
641 164 865 199 CORNELII
888 164 1164 199 FRONTONIS
1189 164 1528 201 EPISTULARUM

383 312 391 319 .
427 279 460 318 .¹
486 278 805 319 dialecticorum
834 278 973 319 verbis
1005 278 1186 320 scribat:
1218 279 1527 334 suspirantem,
1559 279 1813 321 tussientem

290 347 419 387 immo
450 346 591 387 Iovem
622 346 853 400 scripserit,
886 360 974 388 non
994 347 1231 388 tonantem.
1274 346 1385 400 Para
1407 347 1548 402 potius
1577 348 1812 389 orationem

291 414 467 468 dignam
497 413 705 468 sensibus,
738 428 842 468 quos
863 429 885 455 e
912 413 1183 469 philosophia
1212 413 1402 469 hauries3
1434 416 1477 456 et
1509 414 1712 470 12quant0
1740 414 1813 456 ho-

290 482 453 523 nestius
485 480 617 523 sentis
628 481 657 535 3,
690 483 812 522 tanto
843 482 1066 538 augustius
1097 482 1254 524 dicasst.
1315 481 1427 531 Quin
1460 482 1576 537 erige
1600 483 1643 523 te
1673 484 1717 523 et
1746 496 1813 523 ex-

289 549 403 604 tolle,
438 551 481 590 et
509 550 692 590 tortores
722 549 841 604 istos,
874 550 946 604 qui
976 552 1019 591 te
1049 551 1097 591 ut
1118 550 1302 591 abietem
1324 551 1399 591 aut
1420 549 1565 590 alnum
1592 563 1814 604 proceram

289 617 518 658 incurvant
548 618 591 657 et
622 616 675 658 ad
707 616 1023 659 chamaetorta4
1054 617 1299 672 detrahunt,
1331 616 1470 659 valido
1493 618 1713 659 cacumine
1738 619 1813 658 tuo

290 686 459 738 excute,
494 686 538 725 et
566 686 688 726 tenta
720 699 775 726 an
806 699 984 740 usquam
1015 685 1068 727 ab
1101 678 1401 742 [eloquentia]⁵
1432 685 1688 726 discesseris.
1731 684 1815 726 Sed

290 753 486 805 comitem
516 751 812 807 philosophiae
845 786 854 794 .
889 786 898 794 .
932 767 1149 795 sermones
1187 752 1434 808 gibberosos
1471 752 1682 811 101-,0113036
1713 786 1722 794 .

382 854 390 862 .
426 820 464 861 ,7
496 819 530 860 31
561 820 772 874 tenueris,
815 822 1096 875 contemnas3
1135 835 1262 876 quom
1294 821 1591 875 contemseriS,
1629 820 1809 862 nescias.

288 888 390 942 Dic,
423 888 618 942 obsecro,
650 887 778 942 mihi,
812 888 863 929 de
894 888 1129 930 dialecticis
1158 888 1253 930 istis
1283 887 1434 943 ecquid
1464 887 1616 929 tenes?
1664 887 1813 942 ecquid

288 958 435 997 tenere
473 957 517 996 te
554 955 747 1010 gaudes?
804 955 914 998 Nolo
952 956 1058 997 mihi
1097 956 1234 1010 dicas3
1282 958 1387 1010 aput
1429 957 1473 996 te
1517 956 1609 1010 ipse
1646 956 1812 1010 reputa.

289 1024 384 1079 Ego
414 1023 519 1064 illud
549 1023 747 1078 praedico
758 1023 788 1078 S,
822 1038 947 1078 quom
977 1023 1182 1078 plurimos
1213 1023 1371 1065 amicos
1401 1024 1447 1064 in
1477 1022 1558 1064 hac
1589 1022 1815 1077 disciplina

288 1092 477 1133 tenueris
510 1124 742 1133 ......
766 1095 798 1132 9
822 1124 1278 1133 ...........

598 1271 669 1314 ΙΙ.
730 1269 992 1328 (Antonino
1022 1270 1240 1325 Augusto
1271 1271 1450 1314 Fronto
1461 1271 1513 1327 ⁹.)

292 1395 568 1405 .......
603 1362 761 1403 1111111113
792 1364 914 1416 ante,
947 1362 1031 1403 nisi
1062 1362 1187 1404 unius
1218 1361 1310 1404 Caii
1341 1361 1517 1404 Sallusti
1548 1360 1651 1402 trita
1680 1360 1816 1402 solo¹⁰

290 1445 460 1472 sensum
491 1429 608 1471 dictu
637 1430 922 1485 periculosum
953 1432 995 1471 et
1024 1444 1160 1484 paene
1197 1429 1491 1485 opstetricium
1529 1427 1815 1483 pulcherrimo

211 1493 221 1496 s
291 1498 408 1539 cultu
439 1499 481 1539 et
510 1497 812 1539 honestissimo
843 1499 998 1539 ornatu
1028 1497 1258 1552 protulisti.

402 1645 425 1669 a
452 1636 494 1668 In
517 1636 684 1678 maraine:
725 1634 865 1678 quanto
901 1633 1090 1668 honestius
1126 1633 1241 1668 sentis
1272 1659 1278 1666 .
1306 1661 1312 1668 .
1342 1661 1348 1667 .
1378 1659 1385 1666 .
1422 1632 1494 1667 tius
1525 1631 1626 1667 dicas
1658 1659 1665 1666 .
1700 1660 1706 1665 .
1735 1659 1742 1665 .
1770 1660 1776 1666 .
1805 1659 1811 1666 .

290 1691 391 1726 dicas
415 1690 503 1725 dabi
526 1711 531 1718 ·
530 1718 784 1725 ........

403 1797 418 1827 1
446 1792 595 1827 Lacuna
630 1803 800 1827 versuum
832 1803 905 1827 sex.
954 1791 1141 1827 Excidisse
1174 1791 1344 1826 videntur
1372 1792 1410 1825 in
1434 1791 1603 1826 Romana
1633 1789 1810 1824 editione:

289 1850 404 1884 Dabit
427 1848 663 1894 philosophia
693 1849 794 1893 quod
818 1849 936 1892 dicas,
968 1848 1074 1883 dabit
1104 1848 1317 1892 eloquentia
1341 1847 1473 1892 quod„
1502 1849 1512 1882 ,¹
1537 1875 1544 1882 .
1573 1875 1580 1882 .
1607 1846 1814 1881 dialectico-

288 1918 371 1940 rum
402 1906 471 1940 cet.
520 1905 754 1940 Heindorfius
785 1905 948 1940 coniicit:
991 1906 1096 1939 Dabit
1125 1909 1316 1949 eloquentia
1341 1908 1398 1950 qui
1428 1905 1470 1948 (s.
1498 1904 1675 1949 quomodo)
1706 1906 1813 1937 dicas.

290 1966 375 1997 Nam
399 1966 430 1997 si
453 1965 527 2007 quis
552 1965 803 1996 dialecticorum
828 1965 895 1996 cet.

402 2023 423 2053 2
447 2017 582 2062 Incipit
611 2017 699 2052 Cod
725 2029 760 2062 p.
788 2021 869 2061 389,
901 2028 996 2062 quae
1027 2018 1085 2052 est
1108 2017 1240 2052 ultima
1264 2016 1517 2062 quaternionis
1541 1994 1693 2058 XXVII3
1723 2015 1815 2050 haec

289 2076 412 2121 prima
435 2075 525 2110 nota
549 2074 697 2108 servata
722 2074 778 2108 est
802 2075 887 2119 post
911 2074 1011 2118 quat.
1040 2073 1310 2108 duodecimum.

405 2136 425 2167 3
449 2132 564 2166 Recte
589 2130 838 2165 Heindorfius:
863 2133 1001 2173 senties,
1026 2129 1137 2164 modo
1155 2129 1320 2174 corrigas
1337 2139 1484 2174 quoque
1509 2133 1602 2164 dices
1626 2139 1710 2162 cum
1725 2127 1816 2161 Eck-

290 2188 434 2224 steinio.

402 2249 424 2280 4
447 2244 680 2280 Vocabulum
704 2243 905 2289 repetitum
921 2242 958 2277 in
975 2242 1160 2287 margine,
1185 2242 1249 2277 scd
1271 2243 1349 2276 sine
1373 2241 1515 2287 diphth.
1549 2241 1664 2276 Recte
1688 2241 1814 2275 tamen

290 2298 531 2337 Niebuhrius:
558 2301 819 2337 chamaestrota.
868 2299 964 2334 Puta
988 2299 1149 2343 myrtum
1175 2299 1213 2332 et
1235 2298 1386 2341 buxum,
1412 2297 1493 2333 vide
1516 2297 1631 2332 Laud.
1658 2296 1815 2340 Negleg.

404 2362 425 2393 5
450 2357 706 2403 Suppleverim
730 2355 854 2402 potius
877 2358 1063 2391 honestate.
1113 2355 1208 2389 Tum
1232 2354 1286 2389 ita
1310 2355 1386 2389 fere
1411 2353 1583 2399 legerim:
1620 2356 1684 2388 sed
1715 2356 1814 2387 comi-

291 2422 354 2449 tem
376 2417 611 2459 philosophiae
644 2412 908 2458 (eloquentiam
938 2411 1102 2446 adscisce
1128 2412 1166 2445 et
1188 2411 1291 2456 istos)
1322 2423 1493 2446 sermones
1514 2412 1729 2454 gibberosos,
1762 2421 1815 2443 re-

289 2478 399 2506 tortos
424 2469 557 2515 (abiice
582 2471 688 2515 quos)
713 2474 744 2505 si
767 2472 916 2504 tenueris
939 2469 1007 2503 cet.
1060 2471 1292 2509 Heindorfz'us.

405 2531 424 2561 6
449 2527 664 2572 Repetitum
687 2526 726 2560 in
750 2525 929 2570 margine.

404 2587 423 2618 7
448 2583 599 2617 Lacuna
621 2593 794 2618 versuum
818 2581 1009 2616 tredecim.

404 2644 425 2675 8
448 2638 568 2674 Maius
593 2639 685 2684 legit
711 2641 938 2684 praedicabo,
962 2638 1120 2673 fortasse
1137 2638 1249 2681 recte,
1275 2636 1341 2672 sed
1358 2635 1481 2671 Codex
1496 2635 1614 2670 habet
1636 2638 1814 2680 praedico.

403 2700 423 2730 9
448 2695 582 2740 Incipit
607 2695 694 2730 Cod.
720 2707 756 2740 p.
783 2699 860 2731 380.
907 2695 1044 2740 Ingens
1070 2694 1127 2729 est
1148 2694 1282 2738 lacuna
1305 2693 1527 2738 paginarum
1552 2695 1612 2735 32,
1644 2702 1731 2726 nam
1754 2691 1814 2725 hic

290 2751 420 2796 incipit
450 2751 645 2796 quaternio
676 2751 787 2785 XXX.
835 2751 877 2785 In
907 2751 978 2785 fine
1002 2750 1164 2795 paginae
1189 2749 1347 2784 evanida
1371 2748 1554 2794 scriptura
1578 2749 1649 2790 est;
1685 2760 1721 2793 p.
1749 2751 1815 2782 379

287 2816 387 2852 ‘quae
412 2808 579 2850 sequitur
602 2807 732 2842 itidem
756 2807 831 2852 legi
855 2808 985 2852 nequit
1007 2818 1076 2842 nec
1099 2806 1262 2841 indicare
1286 2816 1435 2850 possum
1459 2802 1523 2839 ubi
1542 2803 1709 2848 incipiat.

383 2867 424 2898 10
448 2863 607 2897 Ductum
633 2875 653 2898 e
677 2864 847 2898 Lucretio
873 2864 898 2898 I.
926 2866 1003 2907 925,
1029 2862 1310 2898 observantibus
1332 2860 1540 2896 triumviris.
1597 2906 1602 2910 ἢ
