1968 3158
1604 140 1623 148 κ

272 154 328 196 44
556 151 603 185 M.
624 147 848 184 CORNELII
872 144 1148 182 FRONTONIS
1172 144 1512 181 EPISTULARUM

273 268 358 308 tuis
388 265 574 306 moribus
604 262 844 316 indignum,
878 259 1053 315 negotio
1082 258 1275 313 inutile¹‚
1318 259 1693 302 circumstantibus
1730 275 1794 302 re-

273 330 584 388 praehensibile
615 329 808 370 videatur
837 342 940 370 esse.
1002 326 1136 370 Vale2
1173 326 1278 370 mihi
1315 326 1475 370 Fronto
1506 328 1722 371 carissime
1752 329 1795 371 et

273 398 573 441 iucundissime
603 395 720 438 mihi.

790 509 872 552 VI.
917 509 1120 553 Domino
1150 509 1266 552 Meo.

383 601 451 642 Ita
479 601 658 654 faciam,
698 600 901 654 Domine,
941 604 1056 655 quod
1091 604 1147 642 ad
1183 599 1288 642 haec
1325 600 1547 654 nomina3‚
1596 600 1707 656 quod
1743 601 1797 643 ad

271 670 403 710 vitam
433 669 481 709 ut
511 670 554 709 te
584 667 692 709 velle
721 667 998 709 intellexer0⁴
1033 701 1040 708 .
1077 701 1084 708 .
1118 667 1294 722 faciam3
1325 669 1451 723 teque
1481 682 1555 710 oro
1577 669 1620 710 et
1640 683 1798 724 quaeso

271 752 324 778 ne
355 750 556 791 umquam
594 736 706 790 quod
743 750 768 777 a
805 750 872 777 me
908 735 1001 777 fieri
1040 735 1221 777 volueris
1255 769 1262 777 .
1298 769 1306 776 .
1343 769 1351 777 .
1393 736 1466 777 sed
1503 738 1553 778 ut
1589 751 1706 779 nunc
1739 770 1748 778 .
1784 769 1793 778 .

272 805 435 858 suades,
467 804 530 845 ita
563 837 572 845 .
608 836 616 844 .
651 818 672 845 e
693 818 895 858 umquam
917 803 1117 845 adversus
1138 803 1402 845 voluntatem
1430 806 1549 845 tuam
1570 804 1797 859 quicquam

271 872 488 927 incipiam.
571 871 721 912 Malim
770 871 928 912 etiam5
968 904 1154 911 .....
1198 886 1325 913 causa
1368 873 1490 925 sunt,
1543 871 1797 928 singillatim

271 941 383 981 sunt.
444 939 504 981 Ut
541 938 757 982 Ciceronis
787 938 960 980 modum
989 938 1268 993 proferamus.
1344 939 1458 981 Nam
1499 954 1595 982 curn
1624 939 1671 981 in
1700 941 1796 981 tan-

269 1006 431 1049 tulum⁶
452 1007 519 1048 id⁷
552 1006 793 1048 consultum
815 1007 976 1061 cogunt
1005 1019 1129 1047 versu
1158 1007 1295 1061 cupio,
1327 1007 1581 1061 praesertim
1601 1008 1683 1063 qu8
1716 1040 1724 1048 .
1751 1041 1759 1048 .
1786 1041 1795 1049 .

271 1076 344 1117 sed
373 1089 522 1130 pugna
552 1075 609 1116 mi
644 1108 652 1115 .
689 1108 696 1116 .
728 1074 810 1116 hoc
839 1074 963 1115 modo
993 1074 1178 1129 transigi
1216 1074 1364 1129 possit.
1426 1073 1583 1123 Quodsi
1622 1089 1798 1131 agemus

225 1172 227 1174 -
270 1143 487 1197 perpetuis
525 1142 812 1196 orationibus,
858 1141 961 1183 licet
998 1143 1120 1182 extra
1167 1155 1339 1183 causam
1382 1141 1493 1183 nihil
1533 1143 1796 1198 progrediar,

270 1214 414 1252 tamen
438 1211 471 1267 19
493 1213 536 1252 et
566 1210 697 1252 oculis
729 1209 962 1251 acrioribus
1003 1210 1045 1250 et
1075 1223 1176 1250 voce
1207 1209 1449 1251 vehementi
1480 1212 1522 1251 et
1541 1210 1682 1252 verbis
1703 1224 1798 1266 gra-

270 1279 392 1320 vibus
430 1279 635 1320 utendum
671 1312 678 1319 .
716 1312 724 1319 .
769 1280 913 1320 autem
947 1311 954 1318 .
991 1311 999 1318 .
1033 1277 1135 1319 hinc
1173 1277 1308 1333 digito
1345 1277 1455 1319 irato
1494 1278 1605 1333 quod
1639 1311 1647 1319 .
1684 1311 1691 1319 .
1725 1278 1798 1319 ho-

271 1347 429 1388 minem
458 1335 579 1387 tuum
703 1380 709 1387 .
773 1345 853 1388 Sed
892 1345 1152 1387 difficilest¹⁰
1191 1347 1239 1386 ut
1276 1345 1392 1386 istud
1422 1345 1475 1386 ab
1506 1360 1554 1387 eo
1590 1346 1799 1401 inpetrari

271 1415 422 1469 possit:
470 1414 627 1455 dicitur
672 1414 786 1456 enim
832 1413 1030 1468 cupidine
1076 1413 1231 1468 agendi
1270 1413 1466 1469 flagrare.
1528 1412 1620 1455 Nec
1658 1427 1798 1468 repre-
1861 1410 1867 1416 ’

271 1482 410 1523 hendo
449 1483 595 1523 tamen
633 1496 687 1523 ne
724 1481 805 1523 hoc
843 1481 1011 1536 quidem
1050 1495 1093 1522 se
1127 1515 1134 1521 .
1172 1514 1179 1522 .
1212 1495 1267 1522 ne
1311 1480 1391 1522 tibi
1430 1481 1524 1536 ipsa
1560 1481 1634 1522 illa
1666 1514 1675 1523 .
1711 1514 1719 1522 .
1752 1481 1799 1522 in

273 1564 399 1591 causa
435 1583 442 1590 .
479 1582 488 1590 .
513 1551 571 1603 ¹nt
600 1549 800 1591 infestius
829 1563 908 1604 pro
942 1582 950 1590 .
987 1582 994 1590 .
1027 1549 1236 1590 videatur.
1298 1548 1458 1590 Verum
1497 1550 1540 1590 et
1576 1549 1667 1603 ipse
1705 1563 1798 1590 sua-

272 1618 343 1659 des
373 1617 571 1672 inprimis
601 1617 701 1659 fidei
731 1617 987 1671 parendum:
1020 1619 1063 1658 et
1092 1617 1128 1658 si
1159 1617 1287 1658 armis
1318 1617 1384 1658 vel
1411 1616 1640 1671 palestrica
1659 1616 1796 1670 Iudas,

271 1700 326 1726 ne
357 1685 434 1726 has
466 1685 635 1740 quidem
674 1685 858 1726 ludicras
890 1685 1218 1726 exercitationes
1256 1684 1348 1726 sine
1389 1685 1663 1726 contentione
1701 1698 1798 1726 con-

271 1753 339 1795 fici
374 1767 498 1808 posse
539 1786 547 1794 .
584 1787 591 1794 .
634 1754 676 1794 et
709 1787 716 1794 .
754 1787 760 1794 .
797 1755 839 1794 et
872 1787 879 1794 .
917 1786 924 1794 .
957 1753 1182 1794 facundior
1216 1786 1222 1793 .
1260 1785 1267 1793 .
1300 1752 1471 1794 laudavi
1507 1751 1673 1793 beatius
1710 1751 1798 1806 opi-

273 1836 367 1862 cum
396 1823 530 1863 tuum.

766 1945 876 1988 VII.
924 1945 1156 1999 Magistro
1186 1944 1303 1988 Meo.

385 2047 520 2097 Quom
548 2049 597 2089 tu
627 2047 808 2103 quiescis
841 2049 883 2089 et
919 2048 1029 2103 quod
1070 2047 1334 2112 commodum
1371 2022 1606 2089 valetudini
1644 2040 1700 2088 sit
1735 2047 1798 2089 fa-

387 2233 403 2263 1
429 2228 548 2264 Maius
572 2228 666 2274 legit
690 2232 802 2264 invite.
851 2227 1019 2263 Correxit
1043 2227 1269 2273 Schopenus.

385 2289 404 2320 2
430 2285 528 2320 Tota
551 2285 644 2320 haec
668 2285 833 2320 clausula
858 2284 1031 2319 scribitur
1056 2295 1126 2319 sec.
1153 2296 1200 2319 m.

385 2346 404 2377 3
430 2344 485 2376 An
511 2346 673 2385 crimina?

383 2401 404 2431 4
430 2398 567 2443 Supple
594 2410 707 2432 unum
730 2398 901 2441 verbum3
926 2398 981 2433 ita
1006 2398 1043 2433 et
1067 2407 1152 2432 mox
1175 2397 1337 2432 inferius.
1376 2397 1497 2432 Possis
1515 2397 1582 2432 sic:
1608 2405 1643 2432 ut
1668 2405 1699 2432 te
1716 2401 1798 2433 velle

269 2457 483 2497 intellexero,
516 2455 676 2490 libenter
697 2457 833 2498 fac-iam,
871 2462 968 2500 teque
999 2467 1061 2503 oro
1087 2461 1120 2489 et
1144 2467 1269 2499 quaeso
1302 2467 1342 2489 ne
1367 2468 1518 2499 umquam
1547 2468 1580 2500 q.
1605 2468 1626 2489 a
1649 2468 1688 2489 m.
1712 2457 1742 2498 f.
1767 2468 1796 2489 v.

270 2509 436 2553 reticeas,
459 2515 523 2545 sed
545 2519 582 2545 ut
606 2524 691 2546 nunc
715 2511 817 2554 facis,
842 2515 1008 2551 suadeas;
1031 2514 1080 2546 ita
1106 2510 1243 2546 curabo
1270 2525 1309 2546 ne
1334 2525 1484 2557 umquam
1509 2512 1576 2547 cet.

384 2571 403 2601 5
429 2566 567 2612 Supple
594 2568 685 2602 duos
709 2579 827 2613 prope
852 2579 987 2603 versus.

383 2627 402 2657 6
427 2623 599 2659 Fortasse
622 2624 662 2658 in
687 2624 820 2660 Codice
844 2624 982 2669 legitur
1006 2628 1215 2669 infantulum.

384 2684 401 2714 7
428 2679 597 2725 Codffpr.
624 2693 672 2715 m.
698 2685 760 2716 vel.
1174 2682 1180 2687 ’

382 2739 402 2770 8
427 2735 496 2770 Hic
520 2738 558 2771 et
578 2737 617 2771 in
641 2738 879 2782 sequentibus
902 2749 1024 2783 pauca
1047 2739 1163 2774 verba
1188 2738 1454 2774 desiderantur.

383 2795 402 2825 9
427 2792 561 2837 Incipit
586 2792 674 2828 Cod.
700 2793 784 2829 Vat.
809 2807 844 2840 p.
867 2799 942 2839 116,
968 2806 1064 2841 quae
1089 2795 1170 2831 tota
1194 2794 1303 2839 nigra
1327 2795 1394 2829 est.

363 2850 403 2881 10
428 2847 516 2883 Cod.
543 2859 612 2883 sec.
640 2861 687 2883 m,
715 2854 855 2894 difficile
880 2858 942 2885 est.
