1968 3158
210 182 265 223 84
491 180 539 216 Μ.
561 179 786 215 CORNELII
810 178 1086 214 FRONTONIS
1111 178 1452 216 EPISTULARUM

208 295 350 350 ipsus¹
388 294 428 335 vi
457 295 503 335 in
536 308 748 335 carcerem
779 293 1007 348 compegit.
1069 293 1135 345 Ob
1174 308 1267 335 eam
1298 308 1389 335 rem
1427 303 1452 335 a
1491 294 1736 336 censoribus

209 364 396 403 notatur.
457 361 609 402 Divide
653 361 838 415 primum
877 375 1062 415 eausam,
1112 360 1202 403 εἶτα
1233 361 1290 404 εἰ(
1329 361 1506 414 ἑκάτερα
1540 363 1592 405 τὰ
1634 363 1736 415 μέρη
1782 387 1785 389 <

210 430 475 482 ἑπιχείρηεον
506 429 573 470 καὶ
603 431 854 481 κατηγορῶν
886 429 951 471 καὶ
982 429 1349 482 ἀπολογούμενος.
1382 429 1504 484 Vale,
1536 429 1743 483 Domine,-

210 497 281 537 lux
312 496 502 537 omnium
531 498 714 538 tuorum.
775 496 959 538 Matrem
989 496 1218 538 Dominam
1249 497 1402 539 saluta.

605 609 844 652 XXVIII.
876 609 952 652 43.
997 609 1228 664 Magistro
1259 610 1374 652 Meo.

324 700 426 742 Dies
455 699 562 742 mihi
591 702 706 742 totus
736 715 894 742 vacuus
926 701 1018 742 erit.
1061 700 1207 755 Siquid
1237 713 1440 755 umquam
1470 715 1537 742 me
1570 701 1737 755 amasti,

210 768 335 811 hodie
366 783 462 810 ama
500 768 568 810 et2
605 768 779 810 uberem
816 768 875 809 mi
913 768 1138 810 materiam
1167 768 1305 822 mitte,
1338 783 1411 809 oro
1451 771 1494 810 et
1531 782 1637 824 rogo
1674 769 1740 811 καὶ

211 839 424 891 ἀντιβολῶ
455 838 521 879 καὶ
551 837 699 888 δέομαι
729 837 796 878 καὶ
824 836 1011 879 ἱκετεύω.
1069 835 1121 877 In
1158 836 1233 877 illa
1271 836 1387 877 enim
1418 835 1739 877 centumviralei

210 920 299 947 11011
335 905 484 947 inveni
528 906 699 959 praeter
741 905 1065 957 ἐπιφωνήματα.
1126 903 1235 945 Vale
1265 903 1424 958 optime
1460 903 1680 958 magister.
1707 903 1739 960 13

211 973 397 1014 Domina
426 987 521 1014 mea
550 974 593 1013 te
624 971 795 1013 salutat.
826 971 1035 1013 Volebam
1065 971 1238 1026 aliquid,
1270 971 1343 1012 ubi
1366 971 1540 1013 clamari
1571 971 1738 1026 debeat,

211 1041 409 1082 seribere.
470 1040 582 1081 Fave
613 1039 671 1080 mi
702 1041 744 1080 et
774 1053 929 1094 quaere
961 1039 1190 1080 clamosam
1221 1038 1431 1081 ὑπόθεειν.

628 1151 818 1195 ΧΧΙΧ.
850 1152 926 1194 44.
971 1151 1173 1194 Domino
1203 1151 1320 1195 Meo.

325 1243 548 1298 Perendie,
581 1242 778 1296 Domine,
811 1244 854 1284 te
884 1242 1056 1284 videbo:
1087 1236 1181 1284 sum
1220 1242 1334 1284 enim
1365 1241 1503 1283 adhuc
1542 1256 1567 1283 a
1599 1242 1741 1284 cubito

213 1315 256 1354 et
287 1312 448 1354 cervice
478 1311 686 1352 infirmus.
733 1310 814 1352 Fer
844 1310 951 1365 me4,
992 1311 1179 1364 obsecro,
1218 1309 1354 1351 nimia
1391 1312 1434 1351 et
1464 1310 1597 1351 ardua
1635 1325 1660 1351 a
1697 1312 1741 1351 te

211 1379 516 1435 postulantem.
555 1378 623 1419 Ita
642 1378 689 1419 in
711 1378 902 1420 animum
931 1393 1073 1420 meum
1102 1377 1251 1419 induxi
1271 1391 1394 1432 posse
1418 1377 1586 1419 efficere
1608 1391 1740 1432 quan-

212 1450 304 1489 tum
336 1446 619 1500 contenderis.
679 1438 771 1487 Nee
802 1446 1030 1501 depraecor
1060 1446 1164 1501 quin
1194 1460 1261 1487 me
1292 1445 1443 1500 oderis,
1475 1445 1584 1487 nisei
1608 1460 1741 1500 quan-

213 1518 306 1557 tum
335 1514 505 1570 postulo
534 1513 778 1569 perfeceris,
818 1514 867 1568 si,
907 1516 956 1555 ut
984 1514 1107 1568 facis,
1141 1514 1331 1555 animum
1369 1515 1414 1555 et
1450 1513 1638 1555 studium
1675 1527 1742 1554 ac-

215 1582 560 1625 commodaveris.
620 1581 743 1636 Vale,
775 1581 971 1636 Domine,
1012 1582 1156 1623 anima
1185 1596 1281 1623 mea
1309 1580 1416 1622 mihi
1446 1581 1598 1636 potior.
1658 1579 1742 1622 Do-

212 1652 375 1692 minam
404 1652 585 1692 matrem
615 1650 767 1692 saluta.
1006 1649 1014 1655 ’

645 1762 808 1806 ΧΧΧ.
839 1762 916 1806 45.
961 1762 1163 1806 Domino
1193 1763 1310 1806 Meo.

326 1856 504 1897 Annum
540 1868 698 1896 novum
741 1854 932 1896 faustum
976 1854 1058 1896 tibi
1103 1856 1146 1896 et
1183 1854 1236 1895 ad
1265 1853 1430 1908 omnia,
1483 1867 1590 1908 quae
1627 1854 1742 1895 recte

215 1924 348 1979 cupis,
380 1937 631 1979 prosperum
670 1937 765 1964 cum
803 1922 882 1964 tibi
911 1925 1005 1964 tum
1034 1922 1219 1964 Domino
1248 1923 1396 1963 nostro
1434 1921 1548 1976 patri
1587 1923 1661 1962 tuo
1700 1923 1744 1962 et

214 1991 342 2033 matri
372 1993 415 2032 et
444 1990 565 2032 uxori
596 1992 639 2032 et
667 1983 809 2031 filiae'5
846 1990 1082 2045 ceterisque
1120 1990 1338 2044 omnibus,
1365 2003 1469 2044 quos
1498 1989 1652 2030 merito
1683 1989 1743 2030 di-

213 2060 326 2115 ligis,
359 2073 549 2114 praecor.
604 2057 740 2099 Metui
779 2072 858 2114 ego
894 2058 1082 2099 invalido
1126 2057 1263 2099 adhuc
1302 2071 1475 2112 corpore
1510 2057 1662 2098 turbae
1701 2059 1744 2098 et

214 2126 526 2182 inpraessioniG
555 2140 623 2167 me
655 2126 933 2168 committere.
996 2125 1040 2168 Si
1071 2125 1138 2167 dei
1167 2125 1391 2178 iuvabunt,
1431 2124 1634 2179 perendie
1669 2138 1743 2166 vos
1779 2159 1783 2166 .

214 2197 314 2237 vota
343 2195 635 2249 nuncupantis
674 2195 837 2236 videbo.
897 2193 1004 2236 Vale
1042 2193 1102 2234 mi
1131 2193 1314 2234 Domine
1345 2191 1599 2234 dulcissime.
1659 2192 1743 2233 Do-

215 2263 378 2304 minam
409 2262 559 2304 saluta.

330 2414 347 2444 1
375 2409 434 2445 Sic
458 2410 586 2445 Maius.
643 2409 782 2444 Codex:
807 2375 952 2444 IPSIUS.
1001 2408 1173 2444 Fortasse
1202 2408 1312 2443 latet:
1350 2412 1423 2453 ipse
1448 2411 1545 2442 iussit
1568 2411 1602 2442 in
1627 2421 1745 2444 caree-

218 2481 287 2502 rem
312 2470 488 2512 compingi.

331 2551 350 2581 2
377 2545 517 2581 Codex:
543 2521 648 2586 ament,-
672 2547 753 2581 tum
777 2554 810 2581 et
832 2546 988 2581 fortasse
1014 2547 1246 2591 expunctum.

332 2608 352 2638 3
376 2602 510 2648 Incipit
534 2602 622 2638 Cod.
648 2602 768 2638 Vatio.
794 2615 830 2648 p.
851 2606 904 2638 79.

329 2663 350 2692 4
375 2659 433 2693 Ita
458 2659 680 2704 Sehopenus.
730 2658 848 2694 Maius
872 2670 946 2694 uno
970 2659 1168 2695 vocabulo:
1195 2662 1324 2694 Ferme.

330 2719 350 2751 5
374 2715 523 2760 Ergone
559 2716 652 2751 haec
683 2715 842 2761 epistula
872 2715 1010 2761 scripta
1040 2716 1186 2751 videtur
1217 2726 1260 2750 eo
1296 2718 1482 2759 tempore,
1520 2725 1593 2759 quo
1624 2713 1746 2749 adhue
1812 2715 1814 2717 ’

218 2771 326 2806 unica
349 2772 489 2807 Lucilla
514 2773 611 2815 erat,
646 2772 762 2807 Marci
786 2772 943 2807 filiarum
974 2773 1064 2807 natu
1094 2772 1279 2807 maxima?
1318 2774 1442 2806 Maius.
1497 2769 1581 2804 Dixi
1606 2770 1651 2805 de
1675 2770 1746 2805 hac

217 2839 257 2863 re
281 2827 319 2862 in
342 2828 625 2872 prolegomenis.

331 2887 350 2918 6
375 2884 432 2918 Ita
457 2883 589 2919 Codex.
