1968 3158
666 178 728 215 DE
753 179 907 215 BELLO
933 179 1189 217 PARTHICO.
1606 183 1689 226 221

154 293 253 349 post
283 291 503 349 Carthago
534 294 662 349 capta
692 296 778 337 est:
809 294 894 337 illis
923 294 996 351 qui
1028 294 1179 337 anulos
1204 295 1481 339 detraxerant
1512 299 1691 340 catenae

154 359 318 404 inditae
349 360 515 403 sunt¹³.
576 361 628 404 In
659 376 709 404 ea
739 377 888 419 pugna
918 362 1062 419 Scipio
1091 366 1299 419 quantum
1331 363 1550 407 hominum
1587 364 1690 407 Poe-

154 441 307 471 norum
338 423 626 486 Afrorumque
664 430 793 487 cepit,
826 434 902 474 aut
930 431 1101 487 occidit,
1143 434 1217 474 aut
1256 432 1300 474 in
1331 432 1591 476 deditionem
1621 449 1690 476 ac-

151 496 283 552 cepit,
315 496 351 538 si
382 512 528 540 eorum
566 497 738 554 linguas
773 499 954 542 resecari
994 499 1260 556 imperasset,
1299 516 1454 544 navem
1491 504 1690 544 onustam

104 616 121 620 Ἠ
152 563 315 621 linguis
345 564 533 608 hostium
562 565 745 609 Romam
775 566 984 622 inegisset
994 567 1023 610 ².

266 634 387 685 Quod
425 635 469 676 tc
506 634 577 677 vix
619 635 901 691 quicl³quam
946 636 1028 678 nisi
1074 637 1234 692 raptim
1279 639 1323 679 et
1359 637 1509 680 furtim
1547 638 1689 694 legere

101 721 110 727 -
152 716 276 758 posse
306 716 410 758 prae
441 702 554 745 curis
583 704 884 758 praesentibus
905 704 1136 747 scribsisti:
1169 705 1238 748 sac
1260 706 1506 748 memineris
1528 708 1687 748 etcum

153 769 298 813 am‘mo
327 771 402 812 tuo
434 770 611 826 cogites,
645 770 697 813 G.
722 770 948 815 Caesarem
980 772 1247 815 atrocissimo
1269 773 1380 815 bello
1402 772 1570 815 Gallico
1591 789 1686 816 cum

154 838 241 881 alia
283 837 420 881 multa
465 838 693 894 militaria,
739 841 833 882 tum
873 840 1003 882 etiam
1049 840 1154 883 duos
1202 841 1254 883 de
1302 841 1519 897 Analogia
1557 842 1687 884 libros

152 906 545 962 scrupulosissimos
566 907 839 963 scripsisseb:
869 908 984 951 inter
1003 908 1091 950 tela
1120 909 1336 951 volantia⁴
1358 910 1409 952 de
1441 910 1687 953 nominibus

151 973 441 1030 declinandis,
486 975 538 1018 de
577 975 804 1019 verborum
843 969 1178 1032 aspirationibus
1216 979 1260 1020 et
1297 977 1536 1020 rationibus
1574 978 1688 1020 inter

153 1043 332 1086 classica
362 1045 406 1086 et
435 1044 576 1086 tubas.

265 1110 355 1161 Qur
374 1112 510 1168 igitur
528 1110 591 1168 tu,
624 1112 784 1168 Marce,
816 1127 903 1156 non
925 1113 1090 1156 minore
1119 1114 1297 1170 ingenio
1318 1114 1536 1172 praeditus
1558 1129 1686 1170 quam

153 1180 206 1223 G.
238 1180 409 1235 Caesar,
442 1194 522 1223 nec
541 1180 685 1223 minus
705 1181 854 1238 ordine
873 1181 1060 1238 insignis
1071 1182 1102 1237 ⁵,
1134 1197 1215 1224 nec
1245 1182 1517 1238 paucioribus
1548 1197 1686 1224 exem-

151 1248 234 1304 plis
265 1250 342 1291 aut
370 1249 638 1291 documentis
676 1249 964 1292 familiaribus
1001 1250 1261 1305 instructus,
1302 1264 1391 1292 non
1428 1250 1576 1293 vincas
1614 1266 1686 1293 ne-

150 1318 271 1374 gotia
301 1319 346 1359 et
374 1317 570 1360 invenias
600 1317 772 1360 tibimet
801 1320 995 1374 tempora
1033 1333 1122 1360 non
1151 1319 1276 1361 modo
1315 1319 1368 1363 ad
1398 1320 1613 1361 orationes
1644 1322 1688 1361 et

149 1387 349 1440 poemata
389 1387 432 1427 et
468 1385 679 1440 historias·
709 1388 753 1428 et
788 1388 1021 1442 praecepta
1057 1386 1320 1442 sapientium
1356 1387 1562 1442 legenda,
1612 1387 1684 1429 sed

151 1453 282 1495 etiam
312 1453 598 1509 syllogismos,
630 1454 666 1496 si
696 1455 862 1510 perpeti
893 1457 1030 1510 potes,
1062 1454 1364 1497 resolvendos?

264 1520 407 1575 Nunc,
439 1524 488 1563 ut
517 1523 756 1564 orationem
776 1523 906 1564 istam
926 1522 1015 1565 M.⁶
1036 1522 1164 1577 Tulli,
1197 1538 1323 1578 quam
1347 1523 1425 1564 tibi
1458 1523 1685 1579 legendam

151 1589 262 1645 misi,
295 1590 443 1645 paucis
475 1590 788 1632 commendem:
819 1590 926 1633 mihi
956 1591 1149 1646 profecto
1170 1591 1232 1632 ita
1253 1591 1434 1646 videtur,
1467 1593 1683 1634 neminem

150 1672 353 1713 umquam
391 1672 530 1714 neque
564 1657 761 1700 Romana
792 1673 932 1714 neque
970 1658 1231 1701 Graecorum
1270 1658 1420 1715 lingua
1457 1659 1684 1702 facundius

150 1725 197 1768 in
229 1725 459 1768 concione⁷
498 1726 644 1782 populi
680 1726 925 1782 laudatum,
965 1741 1094 1782 quam
1133 1726 1212 1769 On.
1252 1726 1479 1783 Pompeius
1518 1728 1563 1770 in
1601 1728 1684 1769 ista

264 1931 287 1955 a
312 1922 355 1955 In
372 1923 549 1966 ,ηιαι-,ᾳῐηει
595 1919 705 1956 Victa
734 1919 962 1966 Carthagine
993 1921 1054 1964 qni
1087 1921 1217 1956 anulos
1242 1921 1502 1965 detraxerant,
1532 1922 1684 1957 catenas

150 1978 390 2022 acceperunt.-

264 2033 288 2067 b
315 2036 358 2069 1η
381 2038 548 2079 margine:
580 2033 693 2069 Gaius
718 2034 855 2070 Caesar
880 2033 971 2069 duos
996 2034 1042 2068 de
1068 2033 1252 2078 Analogia
1276 2034 1389 2069 libros
1414 2034 1513 2069 bello
1539 2034 1682 2070 Gallico

151 2089 458 2135 occupatissimus
483 2090 639 2136 scripsit.

266 2279 282 2310 1
309 2275 450 2311 Codex:
474 2278 554 2309 sint.

263 2335 284 2366 2
307 2331 365 2366 An
390 2334 556 2367 misisset?
604 2332 818 2368 Niebuhr-ius.

263 2392 284 2422 3
308 2386 443 2432 Incipit
467 2386 555 2422 Cod.
581 2398 616 2432 p
643 2391 722 2422 216.
770 2386 865 2424 Hinc
894 2387 1002 2432 patet
1032 2357 1227 2432 epistolam
1258 2387 1435 2422 Antonini
1469 2388 1557 2433 Imp.
1589 2388 1628 2422 [l.
1662 2393 1676 2422 1

151 2442 328 2489 scriptam
353 2454 433 2478 esse
458 2444 546 2478 ante
571 2442 765 2478 victoriam
789 2442 1015 2478 Parthicam.-
1063 2446 1187 2478 Maius.

263 2503 284 2535 4
309 2499 403 2534 Illud
427 2505 495 2535 tela
519 2503 667 2534 volantia
697 2498 836 2534 Fronto
869 2510 889 2534 e
914 2498 1054 2534 Catone
1079 2499 1212 2542 habet,
1243 2511 1353 2543 quein
1380 2499 1462 2534 vide
1488 2511 1546 2545 ap.
1598 2501 1680 2534 Ser-

150 2557 249 2593 vium
293 2556 341 2591 ad
370 2555 473 2601 Virg.
506 2556 596 2591 Aen.
637 2554 734 2590 VIII.
770 2559 847 2592 694.
899 2556 982 2591 Non
1023 2556 1119 2600 fugit
1155 2556 1224 2590 hoe
1259 2555 1490 2603 diligentiam
1534 2556 1681 2592 lordani

150 2626 185 2660 p.
204 2617 258 2648 86.
302 2612 408 2656 Quod
432 2624 544 2658 supra
567 2623 604 2657 p.
626 2615 689 2647 133
714 2612 851 2657 legitur
873 2616 1066 2658 sangninem
1091 2615 1277 2653 demittere,
1302 2612 1372 2646 hoc
1396 2623 1543 2657 quoque
1568 2624 1588 2647 e
1614 2612 1678 2648 Ca—

150 2672 238 2706 tone
270 2672 329 2705 est
365 2669 466 2715 apud
489 2667 697 2704 Charisium
724 2669 738 2703 I
770 2680 806 2713 p.
835 2674 878 2704 90
910 2668 1021 2703 Keil„
1058 2668 1165 2713 Apud
1195 2668 1390 2703 Iordanum
1425 2669 1523 2703 loeus
1557 2671 1679 2705 exstat

150 2739 185 2772 p.
213 2730 267 2762 64.

265 2787 286 2818 5
309 2782 362 2818 Eo
387 2783 526 2818 ducunt
550 2782 709 2827 vestigia
733 2782 769 2817 in
795 2782 940 2818 Codice.
990 2781 1124 2817 Maius:
1158 2786 1302 2817 inolitus.

263 2844 284 2874 6
310 2840 538 2875 Praenomen
564 2839 709 2874 videtur
733 2838 769 2874 in
796 2839 932 2874 Codice
955 2839 1052 2874 addi.

266 2901 284 2932 7
311 2896 452 2932 Codex:
477 2900 678 2942 vomitione.
