1968 3158
477 90 544 127 AD
569 91 617 127 M.
644 91 939 129 ANTONINUM
963 92 1027 129 DE
1053 92 1392 130 ORATIONIBUS.
1642 95 1719 138 161

181 205 337 260 ruleo¹,
371 205 445 248 ait.
499 205 662 248 Peritia
693 221 799 263 opus
829 210 908 263 est,
940 210 990 250 ut
1019 210 1182 251 vestem
1210 208 1469 265 interpolem
1500 223 1525 251 a
1555 208 1723 251 sincera

135 321 138 325 ,
181 273 414 316 discernas.
456 274 609 331 Itaque
639 276 902 318 tutissimum
933 279 998 319 est
1028 277 1283 320 lectionibus
1314 277 1558 321 huiusmodi
1590 278 1723 334 apsti-

180 356 300 385 nere.
363 342 520 385 Facilis
551 344 604 386 ad
635 343 799 386 lubrica
830 344 977 400 lapsus
1008 348 1086 388 est.

295 410 440 454 Unum
479 411 665 454 edictum
703 417 824 454 tuum
864 412 1042 456 memini
1072 428 1140 456 me
1172 414 1526 457 animadvertisse
1537 414 1568 469 ²,
1610 415 1721 471 quod

185 478 859 522 ..RN..‘=.³soribseris.
896 481 1722 525 ..G..S..E...N..E.⁴

185 547 327 604 aliquo
358 548 489 604 libro3
521 548 641 590 cuius
673 548 799 590 edicti
830 548 1002 591 initium
1035 583 1043 591 .
1071 583 1078 591 .
1106 566 1137 592 .:
1185 555 1352 594 Florere
1382 550 1584 594 INRUIS
1619 585 1627 593 .
1664 585 1671 593 .
1709 586 1717 594 .

185 649 193 658 .
230 616 271 658 ‚⁵
301 619 507 658 inlibatam
528 620 764 658 iuventutem
775 617 804 658 ⁶.

294 682 405 734 Quid
434 683 516 726 hoc
546 685 631 739 est,
672 683 850 727 Marce?
894 684 1034 742 Hocfl⁷
1072 701 1228 742 nempe
1264 687 1408 730 dicere
1439 689 1525 742 vis,
1567 703 1721 744 cupere

178 753 223 794 te
252 751 407 794 Italica
435 752 594 808 oppida
622 752 887 808 frequentari
919 754 1042 809 copia
1071 754 1300 797 iuniorum.
1362 755 1474 805 Quid
1504 756 1551 798 in
1581 757 1720 812 primo

179 834 303 862 versu
342 821 386 861 et
432 820 561 863 verbo
608 820 747 876 primo
785 821 893 863 facit
925 822 1105 874 florere?
1171 822 1281 872 Quid
1319 823 1540 879 significat
1577 828 1720 867 inliba-

179 895 261 930 tam
306 889 573 931 iuventutem?
631 888 742 938 Quid
783 889 863 931 sibi
909 890 1063 932 volunt
1107 891 1293 933 ambitus
1331 892 1404 934 isti
1443 895 1487 934 et
1527 893 1721 935 circumi-

180 955 356 999 tiones?
415 956 516 999 Alia
553 971 720 1013 quoque
765 957 914 1000 eodem
951 958 1091 1000 edicto
1136 961 1239 1001 sunt
1284 959 1504 1002 eiusmodi.
1566 961 1722 1004 Rever-

178 1026 269 1066 tere
320 1025 462 1080 potius
508 1025 562 1067 ad
615 1025 746 1068 verba
792 1027 894 1081 apta
948 1028 991 1068 et
1040 1027 1217 1082 propria
1272 1030 1315 1070 et
1370 1043 1446 1070 suo
1504 1043 1604 1071 suco
1645 1029 1722 1071 im-

179 1092 298 1135 buta.
362 1092 559 1148 Scabies,
600 1094 775 1150 porrigo
813 1108 864 1136 ex
896 1093 1103 1136 eiusmodi
1133 1095 1254 1137 libris
1288 1097 1570 1151 concipitura.
1631 1097 1720 1138 Mo-

179 1164 327 1203 netam
371 1161 492 1203 illam
536 1153 724 1205 veterem
768 1164 969 1205 sectator.
1030 1162 1253 1205 Plumbei⁸
1291 1164 1457 1206 nummi
1502 1167 1546 1206 et
1584 1165 1721 1206 cuius-

180 1229 370 1286 cemodi⁹
389 1229 620 1272 adulterini
639 1230 685 1272 in
708 1230 804 1272 istis
824 1231 1072 1273 recentibus
1093 1231 1281 1273 nummis
1303 1233 1472 1288 saepius
1493 1233 1719 1275 inveniun-

179 1299 274 1352 tur,
320 1312 449 1354 quam
487 1298 534 1340 in
572 1298 774 1353 vetustis,
815 1299 969 1354 quibus
1009 1299 1208 1355 signatus
1249 1302 1314 1342 est
1350 1299 1616 1356 Perperna¹⁰
1654 1301 1721 1343 vel

179 1365 377 1408 TRERE
411 1399 602 1408 .....
616 1367 645 1394 ¹¹
662 1366 666 1375 ⁷

292 1433 403 1484 Quid
440 1434 606 1490 igitur?
654 1449 743 1477 non
779 1435 928 1477 malim
974 1436 1079 1478 mihi
1122 1451 1347 1478 nummum
1385 1437 1601 1479 Antonini
1624 1440 1721 1483 ,aut

277 1618 315 1664 *a
342 1631 384 1663 In
409 1631 577 1674 maryine:
613 1628 817 1663 Revertere
859 1628 909 1664 ad
932 1629 1049 1664 verba
1074 1630 1165 1674 apta
1190 1630 1228 1664 et
1251 1630 1407 1676 propria.
1430 1642 1474 1666 ac
1498 1642 1562 1666 suo
1587 1631 1721 1667 inbuta

179 1697 284 1728 suco,
310 1684 465 1729 scabies,
489 1694 589 1730 porr.
617 1695 662 1720 ex
687 1685 870 1720 eiusmodi
893 1685 916 1720 l.
944 1697 973 1720 c.

294 1851 311 1879 1
338 1843 427 1879 Cod.
454 1848 576 1879 civilia.
627 1843 797 1880 Correxit
820 1845 1016 1890 Ilbergius.

291 1905 312 1936 2
336 1900 391 1937 Eo
417 1900 557 1936 ducunt
581 1900 726 1937 Codicis
749 1901 926 1948 vestigia,
956 1915 1006 1938 me
1031 1906 1117 1938 enim
1142 1906 1331 1939 advertisse
1355 1903 1487 1940 Maius

291 1962 312 1994 3
336 1958 395 1994 Ita
420 1956 557 1993 Codex.
606 1958 665 1993 An
689 1961 889 1995 ambitiose?

294 2018 316 2050 4
339 2014 399 2050 Ita
424 2013 560 2050 Codex.

294 2074 316 2107 5
341 2070 506 2106 Tantum
529 2071 588 2107 est
612 2071 786 2118 spatium.

290 2131 312 2163 6
335 2127 526 2164 Fortasse:
552 2132 646 2164 cuiue
670 2133 775 2165 edicti
796 2133 926 2165 initium
948 2137 1042 2165 erat:
1074 2133 1234 2171 Florere,
1259 2135 1381 2176 inquis,
1405 2135 1519 2173 video,
1545 2135 1718 2168 inlibatam

176 2189 386 2221 inventutem.
418 2184 626 2220 Heindorfii
649 2186 952 2232 supplementum
974 2197 1050 2222 non
1075 2187 1249 2223 convenit
1266 2199 1350 2223 cum
1366 2187 1496 2234 spatiis
1513 2188 1552 2223 in
1569 2188 1715 2224 Codice.

293 2245 313 2277 ‘1
338 2240 475 2286 Incipit
499 2240 591 2277 Cod.
619 2254 657 2288 p.
683 2247 760 2280 352.
1230 2250 1248 2261 ‘

291 2302 312 2334 8
335 2298 391 2334 De
414 2298 600 2344 plumbeis
623 2300 786 2335 nummis
801 2300 921 2336 Maius
945 2300 1077 2337 laudat
1092 2293 1316 2336 Ficoronum
1339 2301 1458 2347 praef.
1484 2301 1533 2337 ad
1555 2303 1653 2348 part.
1669 2302 1715 2338 II.

180 2359 193 2391 i
215 2357 344 2401 piombi
366 2357 512 2394 amiciti,-
541 2355 707 2400 itemque
730 2355 949 2397 Eckhelium
973 2358 1000 2392 t.
1026 2358 1053 2393 I.
1079 2370 1115 2404 p.
1144 2362 1202 2402 203
1227 2358 1254 2392 t.
1281 2357 1369 2392 VIII
1392 2370 1429 2403 p.
1456 2361 1533 2393 318.

166 2418 172 2420 ⁷
293 2416 314 2447 9
338 2411 398 2446 Ita.
422 2410 558 2447 Codex.
606 2412 867 2449 Berolinenses
895 2413 1028 2449 iubent
1058 2413 1218 2449 conferri
1241 2412 1479 2459 Oudendorp.
1508 2414 1557 2450 ad
1580 2415 1715 2461 Appul.

177 2469 267 2504 Met.
294 2471 315 2504 8
339 2480 375 2514 p.
402 2471 480 2512 554,
505 2467 604 2504 Cort.
632 2469 680 2505 ad
698 2469 847 2505 Sallust.
876 2469 982 2506 Catil.
1010 2474 1054 2506 39
1079 2472 1170 2506 extr.
1213 2469 1446 2505 Ecksteinius
1470 2471 1600 2507 laudat
1625 2472 1715 2508 Gro-

178 2537 261 2561 nov.
287 2525 327 2560 in
343 2524 437 2560 Gen.
457 2525 502 2560 H.
528 2529 561 2568 8,
585 2525 709 2561 Davis.
727 2526 767 2560 in
784 2525 857 2562 Cic.
876 2526 992 2572 Legg.
1012 2527 1058 2571 ΙΙ,
1077 2531 1108 2570 5,
1133 2527 1280 2572 Zumpt.
1306 2526 1345 2561 in
1363 2526 1436 2562 Cic.
1454 2526 1561 2563 Verr.
1579 2540 1616 2574 p.
1636 2533 1713 2572 921,

177 2582 342 2628 Madvig.
367 2581 406 2616 in
431 2580 502 2617 Cic.
530 2581 610 2619 Fin.
635 2582 699 2626 III,
724 2587 756 2626 9,
782 2587 837 2618 30.
1654 2607 1656 2610 -

272 2644 314 2675 10
337 2639 396 2674 Ita
421 2637 614 2674 evidenter
638 2638 774 2675 Codex.
824 2642 951 2675 Maius.

272 2700 312 2731 11
338 2694 418 2738 Quo
444 2694 525 2740 quis
548 2695 792 2742 ingeniosior,
825 2707 870 2731 ex
898 2696 955 2732 his
985 2696 1152 2742 vestigiis
1184 2707 1228 2732 eo
1261 2695 1407 2732 facilius
1431 2697 1572 2742 aliquid
1597 2701 1712 2735 eruet.

179 2752 254 2789 Sed
289 2752 560 2798 suspicionibus
595 2752 689 2788 nihil
722 2753 915 2799 proficitur
943 2753 982 2788 in
1012 2753 1095 2789 loco
1127 2753 1371 2790 conclamato.
1420 2753 1540 2789 Maius
1566 2755 1716 2801 supplet

178 2810 335 2855 tr[ebo]:
358 2809 510 2845 litterae
534 2809 573 2844 in
598 2809 734 2845 Codice
757 2821 832 2846 non
856 2809 946 2846 satis
973 2811 1098 2846 certae
1124 2812 1219 2846 sunt.

225 2890 360 2913 FRON'r.
378 2890 425 2912 ΕΤ
442 2891 578 2913 AUREL.
598 2891 716 2914 ΕΡΙΒΤ.
1389 2869 1439 2910 ll
