<?xml version="1.0" encoding="UTF-8"?>
<!DOCTYPE html PUBLIC "-//W3C//DTD XHTML 1.0 Transitional//EN"
    "http://www.w3.org/TR/xhtml1/DTD/xhtml1-transitional.dtd">
<html xmlns="http://www.w3.org/1999/xhtml" xml:lang="en" lang="en">
 <head>
  <title>
</title>
<meta http-equiv="Content-Type" content="text/html;charset=utf-8" />
  <meta name='ocr-system' content='tesseract 3.04.00' />
  <meta name='ocr-capabilities' content='ocr_page ocr_carea ocr_par ocr_line ocrx_word'/>
</head>
<body>
  <div class='ocr_page' id='page_1' title='image "./mcorneliifronton00fronuoft_0017.png"; bbox 0 0 1968 3158; ppageno 0'>
   <div class='ocr_carea' id='block_1_1' title="bbox 805 175 1765 219">
    <p class='ocr_par' dir='ltr' id='par_1_1' title="bbox 805 175 1765 219">
     <span class='ocr_line' id='line_1_1' title="bbox 805 175 1765 219; baseline 0.009 -8"><span class='ocrx_word' id='word_1_1' title='bbox 805 175 1184 212; x_wconf 73' lang='lat' dir='ltr'>PROLEGOMENA.</span> <span class='ocrx_word' id='word_1_2' title='bbox 1676 188 1706 219; x_wconf 84' lang='lat' dir='ltr'>X</span> <span class='ocrx_word' id='word_1_3' title='bbox 1713 189 1765 219; x_wconf 93' lang='lat'><strong>111</strong></span> 
     </span>
    </p>
   </div>
   <div class='ocr_carea' id='block_1_2' title="bbox 209 291 1766 2956">
    <p class='ocr_par' dir='ltr' id='par_1_2' title="bbox 212 291 1766 1723">
     <span class='ocr_line' id='line_1_2' title="bbox 217 291 1765 348; baseline -0.001 -13"><span class='ocrx_word' id='word_1_4' title='bbox 217 292 364 347; x_wconf 87' lang='lat' dir='ltr'><strong>betur,</strong></span> <span class='ocrx_word' id='word_1_5' title='bbox 405 291 560 348; x_wconf 83' lang='lat' dir='ltr'><strong>quibus</strong></span> <span class='ocrx_word' id='word_1_6' title='bbox 598 307 716 334; x_wconf 86' lang='lat' dir='ltr'><strong>nunc</strong></span> <span class='ocrx_word' id='word_1_7' title='bbox 753 292 799 334; x_wconf 89' lang='lat' dir='ltr'><strong>in</strong></span> <span class='ocrx_word' id='word_1_8' title='bbox 838 292 1100 334; x_wconf 75' lang='lat' dir='ltr'><strong>oblitteratis</strong></span> <span class='ocrx_word' id='word_1_9' title='bbox 1131 292 1306 348; x_wconf 80' lang='lat' dir='ltr'>paginis</span> <span class='ocrx_word' id='word_1_10' title='bbox 1337 291 1505 334; x_wconf 88' lang='lat' dir='ltr'><strong>nullum</strong></span> <span class='ocrx_word' id='word_1_11' title='bbox 1537 292 1603 333; x_wconf 90' lang='lat' dir='ltr'><strong>est</strong></span> <span class='ocrx_word' id='word_1_12' title='bbox 1632 306 1765 334; x_wconf 86' lang='lat' dir='ltr'><strong>remc-</strong></span> 
     </span>
     <span class='ocr_line' id='line_1_3' title="bbox 218 359 1765 404; baseline 0 -1"><span class='ocrx_word' id='word_1_13' title='bbox 218 361 350 404; x_wconf 90' lang='lat' dir='ltr'><strong>dium.</strong></span> <span class='ocrx_word' id='word_1_14' title='bbox 412 361 669 403; x_wconf 80' lang='lat' dir='ltr'><strong>Rectissime</strong></span> <span class='ocrx_word' id='word_1_15' title='bbox 700 361 891 403; x_wconf 82' lang='lat' dir='ltr'><strong>ostendit</strong></span> <span class='ocrx_word' id='word_1_16' title='bbox 920 360 1142 403; x_wconf 88' lang='lat' dir='ltr'><strong>Iacobsius</strong></span> <span class='ocrx_word' id='word_1_17' title='bbox 1173 361 1219 403; x_wconf 89' lang='lat' dir='ltr'><strong>in</strong></span> <span class='ocrx_word' id='word_1_18' title='bbox 1244 360 1396 403; x_wconf 88' lang='lat' dir='ltr'><strong>Diario</strong></span> <span class='ocrx_word' id='word_1_19' title='bbox 1426 359 1765 403; x_wconf 86' lang='lat' dir='ltr'><strong>Zimmermanni</strong></span> 
     </span>
     <span class='ocr_line' id='line_1_4' title="bbox 218 428 1762 486; baseline 0.001 -15"><span class='ocrx_word' id='word_1_20' title='bbox 218 444 346 486; x_wconf 81' lang='lat' dir='ltr'><strong>saepe</strong></span> <span class='ocrx_word' id='word_1_21' title='bbox 377 430 542 472; x_wconf 89' lang='lat' dir='ltr'><strong>Maium</strong></span> <span class='ocrx_word' id='word_1_22' title='bbox 583 430 630 472; x_wconf 88' lang='lat' dir='ltr'><strong>in</strong></span> <span class='ocrx_word' id='word_1_23' title='bbox 669 429 858 472; x_wconf 88' lang='lat' dir='ltr'><strong>editione</strong></span> <span class='ocrx_word' id='word_1_24' title='bbox 888 428 1086 471; x_wconf 89' lang='lat' dir='ltr'><strong>Romana</strong></span> <span class='ocrx_word' id='word_1_25' title='bbox 1124 444 1202 485; x_wconf 91' lang='lat' dir='ltr'><strong>pro</strong></span> <span class='ocrx_word' id='word_1_26' title='bbox 1236 429 1394 472; x_wconf 89' lang='lat' dir='ltr'><strong>codicis</strong></span> <span class='ocrx_word' id='word_1_27' title='bbox 1425 429 1686 472; x_wconf 91' lang='lat' dir='ltr'><strong>lectionibus</strong></span> <span class='ocrx_word' id='word_1_28' title='bbox 1717 430 1762 472; x_wconf 90' lang='lat' dir='ltr'><strong>in</strong></span> 
     </span>
     <span class='ocr_line' id='line_1_5' title="bbox 215 497 1764 555; baseline -0.001 -14"><span class='ocrx_word' id='word_1_29' title='bbox 215 501 384 541; x_wconf 88' lang='lat' dir='ltr'><strong>textum</strong></span> <span class='ocrx_word' id='word_1_30' title='bbox 415 499 627 554; x_wconf 82' lang='lat' dir='ltr'><strong>recepisse</strong></span> <span class='ocrx_word' id='word_1_31' title='bbox 660 498 928 540; x_wconf 89' lang='lat' dir='ltr'><strong>coniecturas</strong></span> <span class='ocrx_word' id='word_1_32' title='bbox 960 497 1329 553; x_wconf 83' lang='lat' dir='ltr'><strong>Berolinensium3</strong></span> <span class='ocrx_word' id='word_1_33' title='bbox 1376 499 1449 554; x_wconf 91' lang='lat' dir='ltr'><strong>qui</strong></span> <span class='ocrx_word' id='word_1_34' title='bbox 1488 513 1620 555; x_wconf 90' lang='lat' dir='ltr'><strong>quum</strong></span> <span class='ocrx_word' id='word_1_35' title='bbox 1650 498 1764 540; x_wconf 90' lang='lat' dir='ltr'><strong>haud</strong></span> 
     </span>
     <span class='ocr_line' id='line_1_6' title="bbox 217 565 1764 622; baseline 0 -12"><span class='ocrx_word' id='word_1_36' title='bbox 217 582 315 610; x_wconf 86' lang='lat' dir='ltr'><strong>raro</strong></span> <span class='ocrx_word' id='word_1_37' title='bbox 346 567 580 610; x_wconf 88' lang='lat' dir='ltr'><strong>divinando</strong></span> <span class='ocrx_word' id='word_1_38' title='bbox 612 566 798 609; x_wconf 81' lang='lat' dir='ltr'><strong>assecuti</strong></span> <span class='ocrx_word' id='word_1_39' title='bbox 829 566 919 608; x_wconf 87' lang='lat' dir='ltr'><strong>sint</strong></span> <span class='ocrx_word' id='word_1_40' title='bbox 948 566 1050 621; x_wconf 87' lang='lat' dir='ltr'><strong>quid</strong></span> <span class='ocrx_word' id='word_1_41' title='bbox 1072 565 1234 608; x_wconf 86' lang='lat' dir='ltr'><strong>Fronto</strong></span> <span class='ocrx_word' id='word_1_42' title='bbox 1261 567 1439 622; x_wconf 77' lang='lat' dir='ltr'><strong>dederit,</strong></span> <span class='ocrx_word' id='word_1_43' title='bbox 1475 567 1616 611; x_wconf 86' lang='lat' dir='ltr'><strong>Maius</strong></span> <span class='ocrx_word' id='word_1_44' title='bbox 1647 569 1764 610; x_wconf 87' lang='lat' dir='ltr'><strong>recte</strong></span> 
     </span>
     <span class='ocr_line' id='line_1_7' title="bbox 217 635 1762 691; baseline -0.001 -12"><span class='ocrx_word' id='word_1_45' title='bbox 217 651 321 679; x_wconf 89' lang='lat' dir='ltr'><strong>sane</strong></span> <span class='ocrx_word' id='word_1_46' title='bbox 342 636 469 691; x_wconf 70' lang='lat' dir='ltr'><strong>fecit,</strong></span> <span class='ocrx_word' id='word_1_47' title='bbox 497 635 673 678; x_wconf 79' lang='lat' dir='ltr'><strong>fecisset</strong></span> <span class='ocrx_word' id='word_1_48' title='bbox 692 637 840 677; x_wconf 87' lang='lat' dir='ltr'><strong>tamen</strong></span> <span class='ocrx_word' id='word_1_49' title='bbox 862 635 1042 689; x_wconf 89' lang='lat' dir='ltr'><strong>rectius,</strong></span> <span class='ocrx_word' id='word_1_50' title='bbox 1077 635 1113 676; x_wconf 89' lang='lat' dir='ltr'><strong>si</strong></span> <span class='ocrx_word' id='word_1_51' title='bbox 1134 636 1373 678; x_wconf 86' lang='lat' dir='ltr'><strong>monuisset</strong></span> <span class='ocrx_word' id='word_1_52' title='bbox 1399 636 1593 679; x_wconf 88' lang='lat' dir='ltr'><strong>lectores.</strong></span> <span class='ocrx_word' id='word_1_53' title='bbox 1645 636 1762 678; x_wconf 88' lang='lat' dir='ltr'><strong>Alibi</strong></span> 
     </span>
     <span class='ocr_line' id='line_1_8' title="bbox 217 703 1763 761; baseline 0.001 -14"><span class='ocrx_word' id='word_1_54' title='bbox 217 719 384 761; x_wconf 91' lang='lat' dir='ltr'><strong>quoque</strong></span> <span class='ocrx_word' id='word_1_55' title='bbox 413 705 480 747; x_wconf 86' lang='lat' dir='ltr'><strong>vir</strong></span> <span class='ocrx_word' id='word_1_56' title='bbox 511 703 878 746; x_wconf 88' lang='lat' dir='ltr'><strong>eminentissimus</strong></span> <span class='ocrx_word' id='word_1_57' title='bbox 910 703 1179 746; x_wconf 88' lang='lat' dir='ltr'><strong>coniecturas</strong></span> <span class='ocrx_word' id='word_1_58' title='bbox 1210 705 1391 760; x_wconf 90' lang='lat' dir='ltr'><strong>recipit,</strong></span> <span class='ocrx_word' id='word_1_59' title='bbox 1425 721 1534 761; x_wconf 89' lang='lat' dir='ltr'><strong>quae</strong></span> <span class='ocrx_word' id='word_1_60' title='bbox 1566 720 1663 748; x_wconf 91' lang='lat' dir='ltr'><strong>cum</strong></span> <span class='ocrx_word' id='word_1_61' title='bbox 1696 720 1763 748; x_wconf 92' lang='grc'>60-</span> 
     </span>
     <span class='ocr_line' id='line_1_9' title="bbox 216 771 1764 829; baseline 0.001 -13"><span class='ocrx_word' id='word_1_62' title='bbox 216 773 310 816; x_wconf 86' lang='grc'>(1166</span> <span class='ocrx_word' id='word_1_63' title='bbox 329 773 424 829; x_wconf 87' lang='lat' dir='ltr'><strong>ipso</strong></span> <span class='ocrx_word' id='word_1_64' title='bbox 445 773 622 815; x_wconf 90' lang='lat' dir='ltr'><strong>minime</strong></span> <span class='ocrx_word' id='word_1_65' title='bbox 655 772 933 815; x_wconf 86' lang='lat' dir='ltr'><strong>conveniunt.</strong></span> <span class='ocrx_word' id='word_1_66' title='bbox 975 771 1205 814; x_wconf 87' lang='lat' dir='ltr'><strong>Lectorum</strong></span> <span class='ocrx_word' id='word_1_67' title='bbox 1228 788 1389 829; x_wconf 72' lang='lat' dir='ltr'><strong>‚parum</strong></span> <span class='ocrx_word' id='word_1_68' title='bbox 1420 773 1653 817; x_wconf 85' lang='lat' dir='ltr'><strong>interesset</strong></span> <span class='ocrx_word' id='word_1_69' title='bbox 1682 774 1764 817; x_wconf 90' lang='lat' dir='ltr'><strong>hoc</strong></span> 
     </span>
     <span class='ocr_line' id='line_1_10' title="bbox 216 841 1766 898; baseline 0.001 -14"><span class='ocrx_word' id='word_1_70' title='bbox 216 841 346 898; x_wconf 89' lang='lat' dir='ltr'><strong>scire,</strong></span> <span class='ocrx_word' id='word_1_71' title='bbox 389 842 425 884; x_wconf 89' lang='lat' dir='ltr'><strong>si</strong></span> <span class='ocrx_word' id='word_1_72' title='bbox 467 841 599 884; x_wconf 89' lang='lat' dir='ltr'><strong>codex</strong></span> <span class='ocrx_word' id='word_1_73' title='bbox 630 841 945 884; x_wconf 84' lang='lat' dir='ltr'><strong>Ambrosianus</strong></span> <span class='ocrx_word' id='word_1_74' title='bbox 974 841 1134 898; x_wconf 90' lang='lat' dir='ltr'><strong>ubique</strong></span> <span class='ocrx_word' id='word_1_75' title='bbox 1164 841 1253 898; x_wconf 89' lang='lat' dir='ltr'><strong>legi</strong></span> <span class='ocrx_word' id='word_1_76' title='bbox 1283 845 1452 898; x_wconf 77' lang='lat' dir='ltr'><strong>posset3</strong></span> <span class='ocrx_word' id='word_1_77' title='bbox 1498 857 1670 898; x_wconf 88' lang='lat' dir='ltr'><strong>verum,</strong></span> <span class='ocrx_word' id='word_1_78' title='bbox 1716 845 1766 885; x_wconf 91' lang='lat' dir='ltr'><strong>ut</strong></span> 
     </span>
     <span class='ocr_line' id='line_1_11' title="bbox 216 910 1763 968; baseline 0.001 -16"><span class='ocrx_word' id='word_1_79' title='bbox 216 911 317 966; x_wconf 86' lang='lat' dir='ltr'><strong>dixi,</strong></span> <span class='ocrx_word' id='word_1_80' title='bbox 350 910 579 966; x_wconf 83' lang='lat' dir='ltr'><strong>pleraeque</strong></span> <span class='ocrx_word' id='word_1_81' title='bbox 609 911 797 966; x_wconf 84' lang='lat' dir='ltr'><strong>paginae</strong></span> <span class='ocrx_word' id='word_1_82' title='bbox 827 910 1004 967; x_wconf 89' lang='lat' dir='ltr'><strong>nigrum</strong></span> <span class='ocrx_word' id='word_1_83' title='bbox 1036 910 1220 952; x_wconf 91' lang='lat' dir='ltr'><strong>colorem</strong></span> <span class='ocrx_word' id='word_1_84' title='bbox 1252 910 1488 966; x_wconf 81' lang='lat' dir='ltr'><strong>duxerunt3</strong></span> <span class='ocrx_word' id='word_1_85' title='bbox 1520 912 1567 959; x_wconf 83' lang='lat' dir='ltr'><strong>in</strong></span> <span class='ocrx_word' id='word_1_86' title='bbox 1597 912 1651 953; x_wconf 92' lang='lat' dir='ltr'><strong>iis</strong></span> <span class='ocrx_word' id='word_1_87' title='bbox 1683 912 1763 968; x_wconf 89' lang='lat' dir='ltr'><strong>igi-</strong></span> 
     </span>
     <span class='ocr_line' id='line_1_12' title="bbox 216 978 1761 1036; baseline 0.001 -16"><span class='ocrx_word' id='word_1_88' title='bbox 216 981 288 1021; x_wconf 88' lang='lat' dir='ltr'><strong>tur</strong></span> <span class='ocrx_word' id='word_1_89' title='bbox 316 979 553 1035; x_wconf 86' lang='lat' dir='ltr'><strong>pendemus</strong></span> <span class='ocrx_word' id='word_1_90' title='bbox 585 994 607 1021; x_wconf 93' lang='lat' dir='ltr'><strong>e</strong></span> <span class='ocrx_word' id='word_1_91' title='bbox 638 979 768 1021; x_wconf 84' lang='lat' dir='ltr'><strong>dubia</strong></span> <span class='ocrx_word' id='word_1_92' title='bbox 797 978 904 1022; x_wconf 90' lang='lat' dir='ltr'><strong>Maii</strong></span> <span class='ocrx_word' id='word_1_93' title='bbox 942 978 1038 1022; x_wconf 91' lang='lat' dir='ltr'><strong>fide.</strong></span> <span class='ocrx_word' id='word_1_94' title='bbox 1100 978 1348 1020; x_wconf 74' lang='lat' dir='ltr'><strong>Istiusmodi</strong></span> <span class='ocrx_word' id='word_1_95' title='bbox 1387 979 1493 1021; x_wconf 90' lang='lat' dir='ltr'><strong>locis</strong></span> <span class='ocrx_word' id='word_1_96' title='bbox 1532 980 1617 1022; x_wconf 85' lang='lat' dir='ltr'><strong>feci</strong></span> <span class='ocrx_word' id='word_1_97' title='bbox 1650 981 1761 1036; x_wconf 85' lang='lat' dir='ltr'><strong>quod</strong></span> 
     </span>
     <span class='ocr_line' id='line_1_13' title="bbox 216 1046 1760 1104; baseline 0.001 -14"><span class='ocrx_word' id='word_1_98' title='bbox 216 1047 354 1090; x_wconf 90' lang='lat' dir='ltr'><strong>solum</strong></span> <span class='ocrx_word' id='word_1_99' title='bbox 384 1048 506 1104; x_wconf 89' lang='lat' dir='ltr'><strong>potui</strong></span> <span class='ocrx_word' id='word_1_100' title='bbox 527 1050 570 1090; x_wconf 91' lang='lat' dir='ltr'><strong>et</strong></span> <span class='ocrx_word' id='word_1_101' title='bbox 591 1047 798 1103; x_wconf 84' lang='lat' dir='ltr'><strong>descripsi</strong></span> <span class='ocrx_word' id='word_1_102' title='bbox 828 1047 1035 1090; x_wconf 89' lang='lat' dir='ltr'><strong>lectiones</strong></span> <span class='ocrx_word' id='word_1_103' title='bbox 1067 1062 1173 1103; x_wconf 92' lang='lat' dir='ltr'><strong>quas</strong></span> <span class='ocrx_word' id='word_1_104' title='bbox 1199 1046 1374 1090; x_wconf 83' lang='lat' dir='ltr'><strong>exhibet</strong></span> <span class='ocrx_word' id='word_1_105' title='bbox 1395 1048 1526 1090; x_wconf 90' lang='lat' dir='ltr'><strong>editio</strong></span> <span class='ocrx_word' id='word_1_106' title='bbox 1548 1048 1760 1104; x_wconf 87' lang='lat' dir='ltr'><strong>Romana,</strong></span> 
     </span>
     <span class='ocr_line' id='line_1_14' title="bbox 216 1116 1764 1173; baseline 0.001 -15"><span class='ocrx_word' id='word_1_107' title='bbox 216 1116 291 1158; x_wconf 89' lang='lat' dir='ltr'><strong>sed</strong></span> <span class='ocrx_word' id='word_1_108' title='bbox 320 1131 557 1173; x_wconf 85' lang='lat' dir='ltr'><strong>numquam</strong></span> <span class='ocrx_word' id='word_1_109' title='bbox 587 1116 761 1173; x_wconf 83' lang='lat' dir='ltr'><strong>neglexi</strong></span> <span class='ocrx_word' id='word_1_110' title='bbox 790 1130 987 1171; x_wconf 89' lang='lat' dir='ltr'><strong>monere,</strong></span> <span class='ocrx_word' id='word_1_111' title='bbox 1022 1116 1058 1158; x_wconf 89' lang='lat' dir='ltr'><strong>si</strong></span> <span class='ocrx_word' id='word_1_112' title='bbox 1089 1116 1260 1172; x_wconf 86' lang='lat' dir='ltr'><strong>quando</strong></span> <span class='ocrx_word' id='word_1_113' title='bbox 1290 1117 1485 1159; x_wconf 85' lang='lat' dir='ltr'><strong>incertae</strong></span> <span class='ocrx_word' id='word_1_114' title='bbox 1515 1117 1688 1160; x_wconf 84' lang='lat' dir='ltr'><strong>litterae</strong></span> <span class='ocrx_word' id='word_1_115' title='bbox 1720 1121 1764 1160; x_wconf 91' lang='lat' dir='ltr'><strong>et</strong></span> 
     </span>
     <span class='ocr_line' id='line_1_15' title="bbox 216 1184 1764 1243; baseline 0.002 -17"><span class='ocrx_word' id='word_1_116' title='bbox 216 1185 448 1228; x_wconf 87' lang='lat' dir='ltr'><strong>volitantes</strong></span> <span class='ocrx_word' id='word_1_117' title='bbox 489 1185 615 1229; x_wconf 90' lang='lat' dir='ltr'><strong>amici</strong></span> <span class='ocrx_word' id='word_1_118' title='bbox 655 1185 793 1228; x_wconf 85' lang='lat' dir='ltr'><strong>aciem</strong></span> <span class='ocrx_word' id='word_1_119' title='bbox 831 1185 1078 1241; x_wconf 85' lang='lat' dir='ltr'><strong>effugerint.</strong></span> <span class='ocrx_word' id='word_1_120' title='bbox 1140 1184 1255 1227; x_wconf 83' lang='lat' dir='ltr'><strong>Fieri</strong></span> <span class='ocrx_word' id='word_1_121' title='bbox 1292 1188 1437 1242; x_wconf 89' lang='lat' dir='ltr'><strong>potest</strong></span> <span class='ocrx_word' id='word_1_122' title='bbox 1474 1188 1523 1228; x_wconf 91' lang='lat' dir='ltr'><strong>ut</strong></span> <span class='ocrx_word' id='word_1_123' title='bbox 1561 1187 1634 1243; x_wconf 91' lang='lat' dir='ltr'><strong>qui</strong></span> <span class='ocrx_word' id='word_1_124' title='bbox 1664 1190 1764 1243; x_wconf 92' lang='lat' dir='ltr'><strong>post</strong></span> 
     </span>
     <span class='ocr_line' id='line_1_16' title="bbox 214 1253 1759 1311; baseline 0.002 -16"><span class='ocrx_word' id='word_1_125' title='bbox 214 1254 375 1309; x_wconf 87' lang='lat' dir='ltr'><strong>veniat,</strong></span> <span class='ocrx_word' id='word_1_126' title='bbox 408 1253 480 1296; x_wconf 89' lang='lat' dir='ltr'><strong>hic</strong></span> <span class='ocrx_word' id='word_1_127' title='bbox 509 1254 598 1296; x_wconf 87' lang='lat' dir='ltr'><strong>illic</strong></span> <span class='ocrx_word' id='word_1_128' title='bbox 629 1254 759 1310; x_wconf 91' lang='lat' dir='ltr'><strong>paulo</strong></span> <span class='ocrx_word' id='word_1_129' title='bbox 788 1254 914 1310; x_wconf 89' lang='lat' dir='ltr'><strong>plura</strong></span> <span class='ocrx_word' id='word_1_130' title='bbox 945 1254 1182 1296; x_wconf 85' lang='lat' dir='ltr'><strong>describat:</strong></span> <span class='ocrx_word' id='word_1_131' title='bbox 1215 1256 1258 1296; x_wconf 90' lang='lat' dir='ltr'><strong>et</strong></span> <span class='ocrx_word' id='word_1_132' title='bbox 1280 1254 1405 1297; x_wconf 89' lang='lat' dir='ltr'><strong>credo</strong></span> <span class='ocrx_word' id='word_1_133' title='bbox 1426 1269 1531 1298; x_wconf 90' lang='lat' dir='ltr'><strong>sane</strong></span> <span class='ocrx_word' id='word_1_134' title='bbox 1560 1255 1623 1298; x_wconf 90' lang='lat' dir='ltr'><strong>ita</strong></span> <span class='ocrx_word' id='word_1_135' title='bbox 1653 1256 1759 1311; x_wconf 89' lang='lat' dir='ltr'><strong>fore,</strong></span> 
     </span>
     <span class='ocr_line' id='line_1_17' title="bbox 213 1315 1762 1379; baseline 0.002 -15"><span class='ocrx_word' id='word_1_136' title='bbox 213 1337 317 1364; x_wconf 88' lang='lat' dir='ltr'><strong>nam</strong></span> <span class='ocrx_word' id='word_1_137' title='bbox 347 1337 397 1364; x_wconf 89' lang='lat' dir='ltr'><strong>ea</strong></span> <span class='ocrx_word' id='word_1_138' title='bbox 426 1322 517 1365; x_wconf 88' lang='lat' dir='ltr'><strong>fere</strong></span> <span class='ocrx_word' id='word_1_139' title='bbox 548 1325 614 1366; x_wconf 92' lang='lat' dir='ltr'><strong>est</strong></span> <span class='ocrx_word' id='word_1_140' title='bbox 643 1315 951 1379; x_wconf 84' lang='lat' dir='ltr'><strong>rescriptorum</strong></span> <span class='ocrx_word' id='word_1_141' title='bbox 980 1323 1174 1366; x_wconf 88' lang='lat' dir='ltr'><strong>codicum</strong></span> <span class='ocrx_word' id='word_1_142' title='bbox 1201 1325 1382 1379; x_wconf 90' lang='lat' dir='ltr'><strong>natura,</strong></span> <span class='ocrx_word' id='word_1_143' title='bbox 1414 1326 1464 1366; x_wconf 89' lang='lat' dir='ltr'><strong>ut</strong></span> <span class='ocrx_word' id='word_1_144' title='bbox 1493 1339 1621 1367; x_wconf 91' lang='lat' dir='ltr'><strong>nemo</strong></span> <span class='ocrx_word' id='word_1_145' title='bbox 1650 1340 1762 1367; x_wconf 91' lang='lat' dir='ltr'><strong>unus</strong></span> 
     </span>
     <span class='ocr_line' id='line_1_18' title="bbox 213 1391 1759 1449; baseline 0.002 -16"><span class='ocrx_word' id='word_1_146' title='bbox 213 1391 359 1433; x_wconf 88' lang='lat' dir='ltr'><strong>omnia</strong></span> <span class='ocrx_word' id='word_1_147' title='bbox 382 1391 609 1434; x_wconf 88' lang='lat' dir='ltr'><strong>exhaurire</strong></span> <span class='ocrx_word' id='word_1_148' title='bbox 639 1392 796 1448; x_wconf 67' lang='lat' dir='ltr'><strong>possit,</strong></span> <span class='ocrx_word' id='word_1_149' title='bbox 828 1392 902 1442; x_wconf 88' lang='lat' dir='ltr'><strong>sed</strong></span> <span class='ocrx_word' id='word_1_150' title='bbox 930 1392 1136 1448; x_wconf 87' lang='lat' dir='ltr'><strong>pleraque</strong></span> <span class='ocrx_word' id='word_1_151' title='bbox 1161 1394 1338 1435; x_wconf 88' lang='lat' dir='ltr'><strong>aeterna</strong></span> <span class='ocrx_word' id='word_1_152' title='bbox 1359 1407 1459 1435; x_wconf 86' lang='lat' dir='ltr'><strong>nox.</strong></span> <span class='ocrx_word' id='word_1_153' title='bbox 1475 1394 1637 1449; x_wconf 88' lang='lat' dir='ltr'><strong>premit</strong></span> <span class='ocrx_word' id='word_1_154' title='bbox 1666 1409 1759 1449; x_wconf 89' lang='lat' dir='ltr'><strong>pre-</strong></span> 
     </span>
     <span class='ocr_line' id='line_1_19' title="bbox 213 1459 1758 1519; baseline 0.002 -18"><span class='ocrx_word' id='word_1_155' title='bbox 213 1462 400 1516; x_wconf 88' lang='lat' dir='ltr'><strong>metque.</strong></span> <span class='ocrx_word' id='word_1_156' title='bbox 440 1460 495 1503; x_wconf 92' lang='lat' dir='ltr'><strong>In</strong></span> <span class='ocrx_word' id='word_1_157' title='bbox 515 1461 638 1503; x_wconf 90' lang='lat' dir='ltr'><strong>novis</strong></span> <span class='ocrx_word' id='word_1_158' title='bbox 659 1462 839 1503; x_wconf 88' lang='lat' dir='ltr'><strong>venenis</strong></span> <span class='ocrx_word' id='word_1_159' title='bbox 859 1460 981 1503; x_wconf 89' lang='lat' dir='ltr'><strong>nulla</strong></span> <span class='ocrx_word' id='word_1_160' title='bbox 1011 1461 1139 1503; x_wconf 91' lang='lat' dir='ltr'><strong>salus.</strong></span> <span class='ocrx_word' id='word_1_161' title='bbox 1185 1459 1354 1504; x_wconf 80' lang='lat' dir='ltr'><strong>Codicis</strong></span> <span class='ocrx_word' id='word_1_162' title='bbox 1386 1461 1758 1519; x_wconf 84' lang='lat' dir='ltr'><strong>orthographiam,</strong></span> 
     </span>
     <span class='ocr_line' id='line_1_20' title="bbox 212 1529 1757 1587; baseline 0.003 -17"><span class='ocrx_word' id='word_1_163' title='bbox 212 1530 262 1570; x_wconf 90' lang='lat' dir='ltr'><strong>ut</strong></span> <span class='ocrx_word' id='word_1_164' title='bbox 291 1529 470 1585; x_wconf 89' lang='lat' dir='ltr'><strong>quisque</strong></span> <span class='ocrx_word' id='word_1_165' title='bbox 502 1529 773 1572; x_wconf 87' lang='lat' dir='ltr'><strong>considerare</strong></span> <span class='ocrx_word' id='word_1_166' title='bbox 804 1532 950 1585; x_wconf 91' lang='lat' dir='ltr'><strong>posset</strong></span> <span class='ocrx_word' id='word_1_167' title='bbox 989 1529 1092 1586; x_wconf 90' lang='lat' dir='ltr'><strong>quid</strong></span> <span class='ocrx_word' id='word_1_168' title='bbox 1122 1529 1333 1572; x_wconf 82' lang='lat' dir='ltr'><strong>Frontoni</strong></span> <span class='ocrx_word' id='word_1_169' title='bbox 1363 1530 1581 1586; x_wconf 89' lang='lat' dir='ltr'><strong>peculiare</strong></span> <span class='ocrx_word' id='word_1_170' title='bbox 1611 1531 1757 1587; x_wconf 79' lang='lat' dir='ltr'><strong>fuerit,</strong></span> 
     </span>
     <span class='ocr_line' id='line_1_21' title="bbox 213 1597 1759 1655; baseline 0.003 -16"><span class='ocrx_word' id='word_1_171' title='bbox 213 1597 316 1653; x_wconf 92' lang='lat' dir='ltr'><strong>quid</strong></span> <span class='ocrx_word' id='word_1_172' title='bbox 345 1597 513 1640; x_wconf 89' lang='lat' dir='ltr'><strong>librarii</strong></span> <span class='ocrx_word' id='word_1_173' title='bbox 543 1597 804 1654; x_wconf 78' lang='lat' dir='ltr'><strong>invexerint,</strong></span> <span class='ocrx_word' id='word_1_174' title='bbox 837 1599 1090 1655; x_wconf 89' lang='lat' dir='ltr'><strong>plerumque</strong></span> <span class='ocrx_word' id='word_1_175' title='bbox 1111 1598 1287 1641; x_wconf 89' lang='lat' dir='ltr'><strong>retinui.</strong></span> <span class='ocrx_word' id='word_1_176' title='bbox 1330 1599 1383 1641; x_wconf 87' lang='grc'><strong>111</strong></span> <span class='ocrx_word' id='word_1_177' title='bbox 1405 1601 1598 1642; x_wconf 88' lang='lat' dir='ltr'><strong>extrema</strong></span> <span class='ocrx_word' id='word_1_178' title='bbox 1621 1600 1759 1643; x_wconf 86' lang='lat' dir='ltr'><strong>cuius·</strong></span> 
     </span>
     <span class='ocr_line' id='line_1_22' title="bbox 214 1657 1359 1723; baseline 0.002 -16"><span class='ocrx_word' id='word_1_179' title='bbox 214 1680 296 1721; x_wconf 90' lang='lat' dir='ltr'><strong>que</strong></span> <span class='ocrx_word' id='word_1_180' title='bbox 326 1667 624 1721; x_wconf 87' lang='lat' dir='ltr'><strong>quaternionis</strong></span> <span class='ocrx_word' id='word_1_181' title='bbox 655 1667 819 1723; x_wconf 88' lang='lat' dir='ltr'><strong>pagina</strong></span> <span class='ocrx_word' id='word_1_182' title='bbox 851 1667 1110 1710; x_wconf 89' lang='lat' dir='ltr'><strong>adscribitur</strong></span> <span class='ocrx_word' id='word_1_183' title='bbox 1140 1657 1359 1710; x_wconf 86' lang='lat' dir='ltr'><strong>numerus.</strong></span> 
     </span>
    </p>

    <p class='ocr_par' dir='ltr' id='par_1_3' title="bbox 209 1733 1759 2956">
     <span class='ocr_line' id='line_1_23' title="bbox 330 1733 1759 1780; baseline 0.002 -3"><span class='ocrx_word' id='word_1_184' title='bbox 330 1733 414 1777; x_wconf 82' lang='lat' dir='ltr'><strong>Sed</strong></span> <span class='ocrx_word' id='word_1_185' title='bbox 452 1735 682 1778; x_wconf 88' lang='lat' dir='ltr'><strong>dicendum</strong></span> <span class='ocrx_word' id='word_1_186' title='bbox 713 1737 778 1778; x_wconf 88' lang='lat' dir='ltr'><strong>est</strong></span> <span class='ocrx_word' id='word_1_187' title='bbox 819 1736 871 1778; x_wconf 89' lang='lat' dir='ltr'><strong>de</strong></span> <span class='ocrx_word' id='word_1_188' title='bbox 903 1738 1156 1778; x_wconf 90' lang='lat' dir='ltr'><strong>correctore.</strong></span> <span class='ocrx_word' id='word_1_189' title='bbox 1223 1735 1491 1779; x_wconf 88' lang='lat' dir='ltr'><strong>Emendatus</strong></span> <span class='ocrx_word' id='word_1_190' title='bbox 1530 1737 1662 1780; x_wconf 89' lang='lat' dir='ltr'><strong>codex</strong></span> <span class='ocrx_word' id='word_1_191' title='bbox 1693 1740 1759 1780; x_wconf 92' lang='lat' dir='ltr'><strong>est</strong></span> 
     </span>
     <span class='ocr_line' id='line_1_24' title="bbox 215 1802 1758 1861; baseline 0.003 -17"><span class='ocrx_word' id='word_1_192' title='bbox 215 1802 382 1845; x_wconf 87' lang='lat' dir='ltr'><strong>collatis</strong></span> <span class='ocrx_word' id='word_1_193' title='bbox 422 1804 738 1859; x_wconf 85' lang='lat' dir='ltr'><strong>exemplaribus</strong></span> <span class='ocrx_word' id='word_1_194' title='bbox 776 1820 801 1846; x_wconf 87' lang='lat' dir='ltr'><strong>a</strong></span> <span class='ocrx_word' id='word_1_195' title='bbox 841 1803 1027 1847; x_wconf 82' lang='lat' dir='ltr'><strong>Caecilio</strong></span> <span class='ocrx_word' id='word_1_196' title='bbox 1063 1805 1268 1861; x_wconf 91' lang='lat' dir='ltr'><strong>quodam,</strong></span> <span class='ocrx_word' id='word_1_197' title='bbox 1319 1806 1438 1848; x_wconf 89' lang='lat' dir='ltr'><strong>cuius</strong></span> <span class='ocrx_word' id='word_1_198' title='bbox 1468 1821 1628 1849; x_wconf 88' lang='lat' dir='ltr'><strong>nomen</strong></span> <span class='ocrx_word' id='word_1_199' title='bbox 1661 1821 1758 1849; x_wconf 92' lang='lat' dir='ltr'><strong>cum</strong></span> 
     </span>
     <span class='ocr_line' id='line_1_25' title="bbox 209 1870 1759 1931; baseline 0.003 -18"><span class='ocrx_word' id='word_1_200' title='bbox 209 1870 312 1913; x_wconf 92' lang='lat' dir='ltr'><strong>olim</strong></span> <span class='ocrx_word' id='word_1_201' title='bbox 357 1871 576 1927; x_wconf 88' lang='lat' dir='ltr'><strong>legeretur</strong></span> <span class='ocrx_word' id='word_1_202' title='bbox 630 1873 677 1914; x_wconf 86' lang='lat' dir='ltr'><strong>in</strong></span> <span class='ocrx_word' id='word_1_203' title='bbox 729 1874 919 1915; x_wconf 87' lang='lat' dir='ltr'><strong>extremo</strong></span> <span class='ocrx_word' id='word_1_204' title='bbox 969 1873 1080 1916; x_wconf 87' lang='lat' dir='ltr'><strong>libro</strong></span> <span class='ocrx_word' id='word_1_205' title='bbox 1123 1873 1190 1916; x_wconf 90' lang='grc' dir='ltr'><strong>ΠΙ</strong></span> <span class='ocrx_word' id='word_1_206' title='bbox 1236 1874 1289 1916; x_wconf 86' lang='grc'><strong>3(1</strong></span> <span class='ocrx_word' id='word_1_207' title='bbox 1335 1873 1584 1931; x_wconf 84' lang='lat' dir='ltr'><strong>Gaesarem,</strong></span> <span class='ocrx_word' id='word_1_208' title='bbox 1639 1890 1759 1918; x_wconf 89' lang='lat' dir='ltr'><strong>nunc</strong></span> 
     </span>
     <span class='ocr_line' id='line_1_26' title="bbox 209 1940 1757 1998; baseline 0.004 -17"><span class='ocrx_word' id='word_1_209' title='bbox 209 1954 384 1995; x_wconf 90' lang='lat' dir='ltr'><strong>prorsus</strong></span> <span class='ocrx_word' id='word_1_210' title='bbox 417 1940 608 1983; x_wconf 89' lang='lat' dir='ltr'><strong>evanuit.</strong></span> <span class='ocrx_word' id='word_1_211' title='bbox 671 1940 852 1991; x_wconf 81' lang='lat' dir='ltr'><strong>Quando</strong></span> <span class='ocrx_word' id='word_1_212' title='bbox 882 1942 964 1984; x_wconf 87' lang='lat' dir='ltr'><strong>iste</strong></span> <span class='ocrx_word' id='word_1_213' title='bbox 997 1941 1209 1985; x_wconf 85' lang='lat' dir='ltr'><strong>Caecilius</strong></span> <span class='ocrx_word' id='word_1_214' title='bbox 1240 1942 1409 1998; x_wconf 87' lang='lat' dir='ltr'><strong>vixerit,</strong></span> <span class='ocrx_word' id='word_1_215' title='bbox 1442 1958 1532 1986; x_wconf 88' lang='lat' dir='ltr'><strong>non</strong></span> <span class='ocrx_word' id='word_1_216' title='bbox 1564 1946 1757 1987; x_wconf 89' lang='lat' dir='ltr'><strong>constat:</strong></span> 
     </span>
     <span class='ocr_line' id='line_1_27' title="bbox 210 2008 1755 2068; baseline 0.003 -18"><span class='ocrx_word' id='word_1_217' title='bbox 210 2008 349 2050; x_wconf 90' lang='lat' dir='ltr'><strong>utitur</strong></span> <span class='ocrx_word' id='word_1_218' title='bbox 379 2008 536 2051; x_wconf 88' lang='lat' dir='ltr'><strong>litteris</strong></span> <span class='ocrx_word' id='word_1_219' title='bbox 569 2009 771 2065; x_wconf 89' lang='lat' dir='ltr'><strong>cursivis,</strong></span> <span class='ocrx_word' id='word_1_220' title='bbox 803 2010 1047 2066; x_wconf 81' lang='lat' dir='ltr'><strong>inclinatis3</strong></span> <span class='ocrx_word' id='word_1_221' title='bbox 1079 2026 1189 2066; x_wconf 87' lang='lat' dir='ltr'><strong>quae</strong></span> <span class='ocrx_word' id='word_1_222' title='bbox 1212 2010 1508 2068; x_wconf 86' lang='lat' dir='ltr'><strong>negligentior</strong></span> <span class='ocrx_word' id='word_1_223' title='bbox 1539 2013 1755 2068; x_wconf 88' lang='lat' dir='ltr'><strong>scriptura</strong></span> 
     </span>
     <span class='ocr_line' id='line_1_28' title="bbox 210 2077 1753 2135; baseline 0.003 -16"><span class='ocrx_word' id='word_1_224' title='bbox 210 2077 278 2119; x_wconf 85' lang='lat' dir='ltr'><strong>vel</strong></span> <span class='ocrx_word' id='word_1_225' title='bbox 305 2078 634 2135; x_wconf 82' lang='lat' dir='ltr'><strong>antiquissimis</strong></span> <span class='ocrx_word' id='word_1_226' title='bbox 678 2079 944 2134; x_wconf 88' lang='lat' dir='ltr'><strong>temporibus</strong></span> <span class='ocrx_word' id='word_1_227' title='bbox 987 2080 1034 2121; x_wconf 89' lang='lat' dir='ltr'><strong>in</strong></span> <span class='ocrx_word' id='word_1_228' title='bbox 1072 2094 1152 2121; x_wconf 87' lang='lat' dir='ltr'><strong>usu</strong></span> <span class='ocrx_word' id='word_1_229' title='bbox 1186 2079 1285 2122; x_wconf 86' lang='lat' dir='ltr'><strong>fuit.</strong></span> <span class='ocrx_word' id='word_1_230' title='bbox 1347 2080 1502 2123; x_wconf 88' lang='lat' dir='ltr'><strong>Itidem</strong></span> <span class='ocrx_word' id='word_1_231' title='bbox 1546 2080 1618 2123; x_wconf 90' lang='lat' dir='ltr'><strong>hic</strong></span> <span class='ocrx_word' id='word_1_232' title='bbox 1663 2081 1753 2124; x_wconf 92' lang='lat' dir='ltr'><strong>illic</strong></span> 
     </span>
     <span class='ocr_line' id='line_1_29' title="bbox 211 2146 1756 2202; baseline 0.003 -15"><span class='ocrx_word' id='word_1_233' title='bbox 211 2148 392 2200; x_wconf 71' lang='lat' dir='ltr'><strong>apparet</strong></span> <span class='ocrx_word' id='word_1_234' title='bbox 421 2146 469 2188; x_wconf 90' lang='lat' dir='ltr'><strong>in</strong></span> <span class='ocrx_word' id='word_1_235' title='bbox 498 2146 696 2202; x_wconf 84' lang='lat' dir='ltr'><strong>margine</strong></span> <span class='ocrx_word' id='word_1_236' title='bbox 728 2146 870 2190; x_wconf 89' lang='lat' dir='ltr'><strong>Orosii</strong></span> <span class='ocrx_word' id='word_1_237' title='bbox 901 2147 1069 2191; x_wconf 80' lang='lat' dir='ltr'><strong>Codicis</strong></span> <span class='ocrx_word' id='word_1_238' title='bbox 1091 2147 1346 2191; x_wconf 87' lang='lat' dir='ltr'><strong>Florentini.</strong></span> <span class='ocrx_word' id='word_1_239' title='bbox 1387 2149 1541 2191; x_wconf 90' lang='lat' dir='ltr'><strong>Amico</strong></span> <span class='ocrx_word' id='word_1_240' title='bbox 1563 2165 1658 2192; x_wconf 90' lang='lat' dir='ltr'><strong>meo</strong></span> <span class='ocrx_word' id='word_1_241' title='bbox 1690 2165 1756 2192; x_wconf 92' lang='lat' dir='ltr'><strong>co-</strong></span> 
     </span>
     <span class='ocr_line' id='line_1_30' title="bbox 211 2213 1753 2273; baseline 0.004 -18"><span class='ocrx_word' id='word_1_242' title='bbox 211 2213 291 2255; x_wconf 87' lang='lat' dir='ltr'><strong>dex</strong></span> <span class='ocrx_word' id='word_1_243' title='bbox 322 2215 574 2257; x_wconf 89' lang='lat' dir='ltr'><strong>emendatus</strong></span> <span class='ocrx_word' id='word_1_244' title='bbox 603 2215 773 2257; x_wconf 84' lang='lat' dir='ltr'><strong>videtur</strong></span> <span class='ocrx_word' id='word_1_245' title='bbox 808 2215 925 2258; x_wconf 85' lang='lat' dir='ltr'><strong>haud</strong></span> <span class='ocrx_word' id='word_1_246' title='bbox 954 2216 1016 2258; x_wconf 88' lang='lat' dir='ltr'><strong>ita</strong></span> <span class='ocrx_word' id='word_1_247' title='bbox 1047 2217 1133 2272; x_wconf 88' lang='lat' dir='ltr'><strong>diu,</strong></span> <span class='ocrx_word' id='word_1_248' title='bbox 1167 2218 1400 2273; x_wconf 89' lang='lat' dir='ltr'><strong>antequam</strong></span> <span class='ocrx_word' id='word_1_249' title='bbox 1430 2218 1753 2261; x_wconf 88' lang='lat' dir='ltr'><strong>rescriberetur.</strong></span> 
     </span>
     <span class='ocr_line' id='line_1_31' title="bbox 211 2281 1757 2342; baseline 0.004 -19"><span class='ocrx_word' id='word_1_250' title='bbox 211 2281 437 2325; x_wconf 81' lang='lat' dir='ltr'><strong>Corrector</strong></span> <span class='ocrx_word' id='word_1_251' title='bbox 466 2283 676 2325; x_wconf 86' lang='lat' dir='ltr'><strong>vocabula</strong></span> <span class='ocrx_word' id='word_1_252' title='bbox 716 2285 970 2327; x_wconf 89' lang='lat' dir='ltr'><strong>continuata</strong></span> <span class='ocrx_word' id='word_1_253' title='bbox 1001 2285 1148 2328; x_wconf 87' lang='lat' dir='ltr'><strong>divisit</strong></span> <span class='ocrx_word' id='word_1_254' title='bbox 1179 2301 1228 2328; x_wconf 93' lang='lat' dir='ltr'><strong>eo</strong></span> <span class='ocrx_word' id='word_1_255' title='bbox 1259 2287 1385 2342; x_wconf 89' lang='lat' dir='ltr'><strong>signo</strong></span> <span class='ocrx_word' id='word_1_256' title='bbox 1417 2287 1528 2342; x_wconf 90' lang='lat' dir='ltr'><strong>quod</strong></span> <span class='ocrx_word' id='word_1_257' title='bbox 1560 2287 1670 2342; x_wconf 87' lang='lat' dir='ltr'><strong>dixi,</strong></span> <span class='ocrx_word' id='word_1_258' title='bbox 1712 2290 1757 2330; x_wconf 89' lang='lat' dir='ltr'><strong>et</strong></span> 
     </span>
     <span class='ocr_line' id='line_1_32' title="bbox 209 2350 1752 2410; baseline 0.003 -18"><span class='ocrx_word' id='word_1_259' title='bbox 209 2350 256 2392; x_wconf 90' lang='lat' dir='ltr'><strong>in</strong></span> <span class='ocrx_word' id='word_1_260' title='bbox 286 2351 498 2407; x_wconf 87' lang='lat' dir='ltr'><strong>margine,</strong></span> <span class='ocrx_word' id='word_1_261' title='bbox 532 2367 641 2407; x_wconf 91' lang='lat' dir='ltr'><strong>quae</strong></span> <span class='ocrx_word' id='word_1_262' title='bbox 663 2352 743 2394; x_wconf 89' lang='lat' dir='ltr'><strong>sibi</strong></span> <span class='ocrx_word' id='word_1_263' title='bbox 766 2354 920 2395; x_wconf 88' lang='lat' dir='ltr'><strong>notatu</strong></span> <span class='ocrx_word' id='word_1_264' title='bbox 951 2353 1086 2410; x_wconf 86' lang='lat' dir='ltr'><strong>digna</strong></span> <span class='ocrx_word' id='word_1_265' title='bbox 1115 2354 1377 2410; x_wconf 87' lang='lat' dir='ltr'><strong>viderentur,</strong></span> <span class='ocrx_word' id='word_1_266' title='bbox 1410 2355 1620 2398; x_wconf 89' lang='lat' dir='ltr'><strong>indicavit</strong></span> <span class='ocrx_word' id='word_1_267' title='bbox 1650 2355 1752 2398; x_wconf 91' lang='lat' dir='ltr'><strong>lem-</strong></span> 
     </span>
     <span class='ocr_line' id='line_1_33' title="bbox 209 2419 1754 2478; baseline 0.004 -17"><span class='ocrx_word' id='word_1_268' title='bbox 209 2420 359 2462; x_wconf 85' lang='lat' dir='ltr'><strong>matis:</strong></span> <span class='ocrx_word' id='word_1_269' title='bbox 410 2419 572 2462; x_wconf 87' lang='lat' dir='ltr'><strong>scholia</strong></span> <span class='ocrx_word' id='word_1_270' title='bbox 604 2423 719 2463; x_wconf 89' lang='lat' dir='ltr'><strong>certe</strong></span> <span class='ocrx_word' id='word_1_271' title='bbox 750 2421 835 2464; x_wconf 86' lang='lat' dir='ltr'><strong>dici</strong></span> <span class='ocrx_word' id='word_1_272' title='bbox 865 2436 955 2464; x_wconf 90' lang='lat' dir='ltr'><strong>non</strong></span> <span class='ocrx_word' id='word_1_273' title='bbox 985 2425 1179 2478; x_wconf 89' lang='lat' dir='ltr'><strong>possunt.</strong></span> <span class='ocrx_word' id='word_1_274' title='bbox 1242 2423 1379 2478; x_wconf 79' lang='lat' dir='ltr'><strong>Saepe</strong></span> <span class='ocrx_word' id='word_1_275' title='bbox 1411 2425 1661 2466; x_wconf 89' lang='lat' dir='ltr'><strong>emendator</strong></span> <span class='ocrx_word' id='word_1_276' title='bbox 1690 2439 1754 2467; x_wconf 89' lang='grc'><strong>16-</strong></span> 
     </span>
     <span class='ocr_line' id='line_1_34' title="bbox 210 2487 1754 2546; baseline 0.004 -18"><span class='ocrx_word' id='word_1_277' title='bbox 210 2487 366 2541; x_wconf 86' lang='lat' dir='ltr'><strong>petivit</strong></span> <span class='ocrx_word' id='word_1_278' title='bbox 395 2502 527 2530; x_wconf 89' lang='lat' dir='ltr'><strong>unam</strong></span> <span class='ocrx_word' id='word_1_279' title='bbox 557 2488 755 2543; x_wconf 88' lang='lat' dir='ltr'><strong>pluresve</strong></span> <span class='ocrx_word' id='word_1_280' title='bbox 786 2492 1039 2546; x_wconf 88' lang='lat' dir='ltr'><strong>sententias,</strong></span> <span class='ocrx_word' id='word_1_281' title='bbox 1073 2504 1180 2546; x_wconf 89' lang='lat' dir='ltr'><strong>quae</strong></span> <span class='ocrx_word' id='word_1_282' title='bbox 1210 2491 1292 2533; x_wconf 89' lang='lat' dir='ltr'><strong>sibi</strong></span> <span class='ocrx_word' id='word_1_283' title='bbox 1312 2492 1610 2534; x_wconf 91' lang='lat' dir='ltr'><strong>memorabiles</strong></span> <span class='ocrx_word' id='word_1_284' title='bbox 1640 2493 1754 2535; x_wconf 88' lang='lat' dir='ltr'><strong>vide-</strong></span> 
     </span>
     <span class='ocr_line' id='line_1_35' title="bbox 211 2556 1753 2614; baseline 0.005 -18"><span class='ocrx_word' id='word_1_285' title='bbox 211 2556 383 2606; x_wconf 83' lang='lat' dir='ltr'><strong>rentur,</strong></span> <span class='ocrx_word' id='word_1_286' title='bbox 414 2570 542 2611; x_wconf 85' lang='lat' dir='ltr'><strong>saepe</strong></span> <span class='ocrx_word' id='word_1_287' title='bbox 574 2557 680 2598; x_wconf 88' lang='lat' dir='ltr'><strong>satis</strong></span> <span class='ocrx_word' id='word_1_288' title='bbox 711 2556 865 2599; x_wconf 88' lang='lat' dir='ltr'><strong>habuit</strong></span> <span class='ocrx_word' id='word_1_289' title='bbox 894 2573 1029 2600; x_wconf 88' lang='lat' dir='ltr'><strong>unum</strong></span> <span class='ocrx_word' id='word_1_290' title='bbox 1060 2560 1238 2601; x_wconf 86' lang='lat' dir='ltr'><strong>verbum</strong></span> <span class='ocrx_word' id='word_1_291' title='bbox 1268 2559 1397 2614; x_wconf 87' lang='lat' dir='ltr'><strong>paulo</strong></span> <span class='ocrx_word' id='word_1_292' title='bbox 1427 2560 1566 2602; x_wconf 91' lang='lat' dir='ltr'><strong>rarius</strong></span> <span class='ocrx_word' id='word_1_293' title='bbox 1598 2562 1753 2603; x_wconf 86' lang='lat' dir='ltr'><strong>exscri-</strong></span> 
     </span>
     <span class='ocr_line' id='line_1_36' title="bbox 209 2623 1753 2684; baseline 0.005 -20"><span class='ocrx_word' id='word_1_294' title='bbox 209 2623 324 2678; x_wconf 71' lang='lat' dir='ltr'><strong>bere,</strong></span> <span class='ocrx_word' id='word_1_295' title='bbox 358 2623 600 2679; x_wconf 88' lang='lat' dir='ltr'><strong>interdum,</strong></span> <span class='ocrx_word' id='word_1_296' title='bbox 633 2625 781 2679; x_wconf 88' lang='lat' dir='ltr'><strong>paucis</strong></span> <span class='ocrx_word' id='word_1_297' title='bbox 813 2626 954 2668; x_wconf 86' lang='lat' dir='ltr'><strong>verbis</strong></span> <span class='ocrx_word' id='word_1_298' title='bbox 985 2627 1262 2682; x_wconf 86' lang='lat' dir='ltr'><strong>transpositis</strong></span> <span class='ocrx_word' id='word_1_299' title='bbox 1294 2629 1337 2669; x_wconf 90' lang='lat' dir='ltr'><strong>et</strong></span> <span class='ocrx_word' id='word_1_300' title='bbox 1367 2627 1629 2684; x_wconf 88' lang='lat' dir='ltr'><strong>immutatis,</strong></span> <span class='ocrx_word' id='word_1_301' title='bbox 1661 2629 1753 2672; x_wconf 90' lang='lat' dir='ltr'><strong>fere</strong></span> 
     </span>
     <span class='ocr_line' id='line_1_37' title="bbox 210 2691 1753 2749; baseline 0.005 -16"><span class='ocrx_word' id='word_1_302' title='bbox 210 2691 430 2748; x_wconf 86' lang='lat' dir='ltr'><strong>integram</strong></span> <span class='ocrx_word' id='word_1_303' title='bbox 459 2693 670 2748; x_wconf 87' lang='lat' dir='ltr'><strong>paginam</strong></span> <span class='ocrx_word' id='word_1_304' title='bbox 700 2694 1022 2749; x_wconf 88' lang='lat' dir='ltr'><strong>transscripsit,</strong></span> <span class='ocrx_word' id='word_1_305' title='bbox 1070 2695 1143 2736; x_wconf 86' lang='lat' dir='ltr'><strong>sed</strong></span> <span class='ocrx_word' id='word_1_306' title='bbox 1181 2694 1302 2737; x_wconf 89' lang='lat' dir='ltr'><strong>nulla</strong></span> <span class='ocrx_word' id='word_1_307' title='bbox 1340 2697 1407 2737; x_wconf 90' lang='lat' dir='ltr'><strong>est</strong></span> <span class='ocrx_word' id='word_1_308' title='bbox 1444 2696 1491 2738; x_wconf 89' lang='lat' dir='ltr'><strong>in</strong></span> <span class='ocrx_word' id='word_1_309' title='bbox 1528 2695 1595 2738; x_wconf 90' lang='lat' dir='ltr'><strong>his</strong></span> <span class='ocrx_word' id='word_1_310' title='bbox 1635 2700 1753 2740; x_wconf 86' lang='lat' dir='ltr'><strong>certa</strong></span> 
     </span>
     <span class='ocr_line' id='line_1_38' title="bbox 210 2759 1751 2818; baseline 0.005 -17"><span class='ocrx_word' id='word_1_311' title='bbox 210 2759 341 2814; x_wconf 78' lang='lat' dir='ltr'><strong>rati03</strong></span> <span class='ocrx_word' id='word_1_312' title='bbox 371 2760 418 2802; x_wconf 91' lang='lat' dir='ltr'><strong>in</strong></span> <span class='ocrx_word' id='word_1_313' title='bbox 450 2763 642 2803; x_wconf 89' lang='lat' dir='ltr'><strong>extrema</strong></span> <span class='ocrx_word' id='word_1_314' title='bbox 674 2761 830 2803; x_wconf 89' lang='lat' dir='ltr'><strong>codicis</strong></span> <span class='ocrx_word' id='word_1_315' title='bbox 860 2764 1004 2817; x_wconf 89' lang='lat' dir='ltr'><strong>parte,</strong></span> <span class='ocrx_word' id='word_1_316' title='bbox 1037 2777 1160 2817; x_wconf 90' lang='lat' dir='ltr'><strong>quae,</strong></span> <span class='ocrx_word' id='word_1_317' title='bbox 1194 2764 1243 2804; x_wconf 93' lang='lat' dir='ltr'><strong>ut</strong></span> <span class='ocrx_word' id='word_1_318' title='bbox 1271 2763 1380 2818; x_wconf 87' lang='lat' dir='ltr'><strong>dixi,</strong></span> <span class='ocrx_word' id='word_1_319' title='bbox 1413 2762 1649 2808; x_wconf 89' lang='lat' dir='ltr'><strong>Mediolani</strong></span> <span class='ocrx_word' id='word_1_320' title='bbox 1680 2767 1751 2809; x_wconf 90' lang='lat' dir='ltr'><strong>ad-</strong></span> 
     </span>
     <span class='ocr_line' id='line_1_39' title="bbox 211 2828 1751 2889; baseline 0.006 -20"><span class='ocrx_word' id='word_1_321' title='bbox 211 2829 418 2883; x_wconf 87' lang='lat' dir='ltr'><strong>servatur,</strong></span> <span class='ocrx_word' id='word_1_322' title='bbox 450 2828 579 2883; x_wconf 90' lang='lat' dir='ltr'><strong>paulo</strong></span> <span class='ocrx_word' id='word_1_323' title='bbox 609 2829 734 2884; x_wconf 87' lang='lat' dir='ltr'><strong>plura</strong></span> <span class='ocrx_word' id='word_1_324' title='bbox 765 2830 972 2885; x_wconf 88' lang='lat' dir='ltr'><strong>enotavit,</strong></span> <span class='ocrx_word' id='word_1_325' title='bbox 1005 2831 1079 2873; x_wconf 89' lang='lat' dir='ltr'><strong>sed</strong></span> <span class='ocrx_word' id='word_1_326' title='bbox 1111 2830 1276 2873; x_wconf 87' lang='lat' dir='ltr'><strong>Graeca</strong></span> <span class='ocrx_word' id='word_1_327' title='bbox 1305 2847 1396 2874; x_wconf 90' lang='grc'>11011</span> <span class='ocrx_word' id='word_1_328' title='bbox 1426 2833 1587 2889; x_wconf 84' lang='lat' dir='ltr'><strong>attigit.</strong></span> <span class='ocrx_word' id='word_1_329' title='bbox 1631 2834 1751 2878; x_wconf 85' lang='lat' dir='ltr'><strong>Cete-</strong></span> 
     </span>
     <span class='ocr_line' id='line_1_40' title="bbox 210 2896 1749 2956; baseline 0.005 -19"><span class='ocrx_word' id='word_1_330' title='bbox 210 2910 305 2937; x_wconf 91' lang='lat' dir='ltr'><strong>rum</strong></span> <span class='ocrx_word' id='word_1_331' title='bbox 335 2896 531 2939; x_wconf 89' lang='lat' dir='ltr'><strong>dubitare</strong></span> <span class='ocrx_word' id='word_1_332' title='bbox 561 2899 712 2953; x_wconf 89' lang='lat' dir='ltr'><strong>possis,</strong></span> <span class='ocrx_word' id='word_1_333' title='bbox 747 2899 893 2940; x_wconf 87' lang='lat' dir='ltr'><strong>utrum</strong></span> <span class='ocrx_word' id='word_1_334' title='bbox 914 2898 1126 2941; x_wconf 82' lang='lat' dir='ltr'><strong>Caecilius</strong></span> <span class='ocrx_word' id='word_1_335' title='bbox 1146 2899 1279 2942; x_wconf 86' lang='lat' dir='ltr'><strong>fuerit</strong></span> <span class='ocrx_word' id='word_1_336' title='bbox 1299 2901 1373 2956; x_wconf 91' lang='lat' dir='ltr'><strong>qui</strong></span> <span class='ocrx_word' id='word_1_337' title='bbox 1392 2901 1535 2956; x_wconf 90' lang='lat' dir='ltr'><strong>ipsum</strong></span> <span class='ocrx_word' id='word_1_338' title='bbox 1555 2905 1749 2946; x_wconf 86' lang='lat' dir='ltr'><strong>nostrum</strong></span> 
     </span>
    </p>
   </div>
  </div>
 </body>
</html>
