1968 3158
503 156 568 192 AD
594 157 641 192 M.
669 157 962 193 ANTONINUM
988 157 1051 193 DE
1076 156 1395 201 ELOQUENTIA.
1645 158 1724 201 149

304 272 548 327 Εὔφραναε,
583 272 930 327 ὑπερεύφραναε,
964 273 1098 318 (ώζεο
1128 272 1236 325 μοι’.

301 339 421 390 Quod
460 340 607 382 librari
646 355 776 383 mauu
816 340 1002 396 epistula
1032 340 1194 383 scribta
1224 344 1309 397 est,
1350 357 1375 384 a
1413 342 1571 385 labore·
1597 343 1720 399 gravi

187 408 336 465 digitis
368 407 561 451 consului
593 408 664 464 qui
695 410 798 451 sunt
827 407 988 452 iamin
1019 408 1276 465 suspicione.

503 567 601 611 ΙΙΙ.
659 564 903 611 Antonino
933 564 1151 622 Augusto
1181 567 1404 613 Front02.

300 670 410 721 Quid
444 703 453 712 .
490 671 747 712 ,scrutetur
775 684 860 725 qua
892 702 901 712 .
937 703 946 712 .
988 685 1183 726 propera.
1245 670 1395 727 Neque
1437 673 1608 716 balbam
1639 674 1720 717 vir-

185 740 346 795 ginem,
379 753 487 794 quae
518 737 692 780 vestalis
723 737 802 789 sit,
835 738 928 793 capi
961 738 1028 780 fas
1059 740 1137 793 est,
1170 736 1309 795 neque
1339 740 1584 783 sirbenam³
1618 775 1627 784 .
1663 775 1672 784 .
1708 776 1716 784 .

187 839 555 850 .........
617 805 762 848 Verba
800 805 851 847 de
882 805 1222 849 balbutientibus
1252 809 1452 862 ponenda
1482 810 1629 851 varie⁴
1664 844 1672 852 .

174 874 326 917 minus
350 908 358 916 .
385 907 396 916 .
418 874 772 916 balbuttientium
799 874 963 916 vicium-'³
993 873 1059 915 his
1079 874 1216 925 ferme
1237 875 1376 918 verbis
1398 876 1718 933 significatur⁸:

185 956 264 985 vox
294 942 515 998 impedita,
548 956 629 984 vox
659 941 820 996 vincta,
852 956 934 983 vox
964 941 1169 997 difficilis,
1206 957 1287 984 vox
1310 943 1497 1003 [fracta]‚
1531 960 1611 987 vox
1642 946 1718 988 im-

182 1010 388 1066 perfecta,
420 1025 501 1052 vox
532 1010 707 1052 absona.
751 1008 833 1052 His
855 1009 1072 1052 contraria
1102 1011 1326 1066 quaerenti
1358 1012 1438 1054 tibi
1469 1013 1719 1056 subvenisse

184 1080 348 1121 certum
378 1078 537 1120 habeo:
586 1092 668 1120 vox
699 1077 918 1134 expedita,
958 1092 1039 1120 vox
1071 1078 1288 1134 absoluta,
1329 1094 1409 1122 vox
1440 1081 1603 1136 facilis,
1636 1097 1717 1124 vox

185 1137 423 1205 [perfecta]‚
457 1160 536 1189 vox
571 1144 814 1204 [amabilis].
875 1145 969 1188 Tua
998 1160 1148 1189 vox..
1178 1161 1278 1189 vere
1310 1180 1319 1190 .
1355 1181 1364 1189 .
1400 1181 1409 1190 .
1441 1163 1531 1191 non
1563 1183 1573 1191 .
1609 1150 1718 1192 h.is

182 1215 469 1258 omnibus..
504 1213 1718 1272 ,percensiosit..................}⁵

181 1282 311 1325 Vocis
348 1247 592 1325 modulatae
623 1280 836 1324 amatores
874 1282 1036 1338 primas
1067 1282 1236 1325 audisse
1265 1284 1466 1326 feruntur
1497 1300 1595 1327 aves
1627 1300 1716 1327 vei-

180 1365 260 1394 nas
289 1350 386 1392 luco
416 1364 563 1406 opaco.
624 1349 730 1392 Post
758 1351 952 1405 pastores
983 1365 1131 1393 recens
1171 1352 1352 1407 repertis
1383 1352 1539 1395 fistulis
1570 1368 1614 1395 se
1646 1354 1716 1396 ad-

180 1434 262 1476 que
291 1433 422 1475 pecus
452 1418 743 1461 oblectabant.
805 1417 936 1461 Visae
965 1419 1134 1461 fistulae
1162 1419 1316 1476 longe⁷
1348 1421 1496 1463 avibus
1526 1421 1714 1463 modula-

179 1487 310 1530 tiores
344 1520 354 1529 .
388 1520 398 1529 .
436 1486 797 1529 murmurantium
837 1486 1042 1542 [Svoculis
1079 1487 1126 1529 in
1163 1487 1267 1542 luco,
1299 1488 1565 1544 eloquentiae
1603 1489 1715 1531 oble-

181 1557 369 1598 ctantur.

293 1622 486 1666 Ennium
523 1622 676 1665 deinde
716 1625 759 1665 et
789 1622 971 1664 Accium
1008 1624 1052 1665 et
1081 1622 1353 1666 Lucretium9
1393 1624 1598 1679 ampliore
1629 1626 1714 1667 iam

180 1692 350 1748 mugitu
380 1690 654 1747 personantis
685 1692 831 1732 tamen
861 1690 1064 1734 tolerant.

293 1759 355 1801 At
391 1759 466 1801 ubi
505 1757 682 1801 Catonis
720 1760 763 1800 et
802 1757 994 1801 Sallustii
1032 1761 1076 1800 et
1105 1758 1219 1801 Tulli
1257 1718 1362 1802 tuba
1400 1760 1601 1803 exaudita
1632 1764 1712 1815 est,

178 1827 399 1883 trepidant
428 1828 471 1868 et
500 1828 661 1881 pavent
698 1828 742 1868 et
770 1826 919 1882 fugam
948 1826 1110 1869 frustra
1143 1827 1420 1870 meditantur.
1481 1828 1594 1871 Nam
1624 1829 1714 1872 illic

179 1909 345 1951 quoque
374 1894 422 1937 in
452 1893 749 1950 philosophiae
779 1894 1018 1950 disciplinis
1028 1928 1039 1949 ‚
1075 1895 1149 1937 ubi
1178 1897 1321 1938 tutum
1352 1895 1437 1938 sibi
1464 1897 1711 1953 perfugium

178 1965 354 2019 putant,
388 1961 582 2004 Platonis
611 1960 868 2021 fone[mat]a
900 1964 1026 2004 erunt
1057 1962 1282 2005 audienda.

291 2134 314 2158 a
339 2125 383 2157 ln
407 2124 577 2167 margine.-
602 2119 744 2163 Quibus
768 2120 958 2157 vocabulis
982 2121 1219 2167 appellentur
1243 2121 1393 2158 sii-beni.

293 2250 309 2282 1
336 2246 394 2281 Ita
417 2244 550 2282 Maius.
584 2244 734 2281 Amicus
751 2256 770 2280 e
789 2244 923 2282 Codice
948 2246 1039 2282 nihil
1064 2246 1242 2291 enotavit,
1266 2247 1330 2283 sed
1356 2247 1458 2283 aliud
1481 2248 1572 2293 quid
1595 2248 1711 2284 latere

177 2303 416 2339 manifestum
442 2302 515 2346 est;
539 2314 573 2337 v.
601 2313 630 2337 c.
658 2302 898 2346 καθωείωμαί
922 2314 987 2339 (οι.
1031 2303 1117 2340 Mox
1142 2314 1211 2349 pro
1235 2318 1332 2339 manu
1355 2317 1411 2350 pr.
1438 2316 1485 2340 m.
1513 2318 1652 2342 manum.

291 2364 312 2395 2
339 2357 542 2403 Sequentia
571 2358 774 2394 admodum
805 2359 963 2395 obscura
988 2360 1075 2395 sunt
1097 2362 1249 2406 praeter
1273 2360 1346 2396 duo
1370 2362 1493 2406 prima
1516 2362 1708 2397 vocabula.

291 2420 312 2451 3
336 2414 438 2450 Haec
462 2414 648 2450 sententia
672 2426 691 2450 e
717 2414 887 2460 margine
913 2417 980 2451 est.
1029 2416 1084 2451 De
1109 2428 1199 2452 voce
1223 2419 1378 2453 sir-benus
1409 2419 1452 2452 cf.
1481 2418 1574 2453 Gen.
1602 2419 1629 2454 Ι.
1657 2423 1707 2453 12.

290 2475 312 2506 4
337 2470 506 2515 Quinque
531 2470 624 2506 haec
648 2471 766 2507 verba
780 2470 818 2506 in
835 2472 1006 2518 margine
1025 2474 1127 2516 sunt,
1150 2484 1273 2517 neque
1298 2474 1389 2508 satis
1415 2475 1561 2509 constat
1586 2475 1710 2509 utrum

177 2529 251 2564 sint
281 2540 301 2564 e
326 2528 432 2563 textu
457 2526 660 2572 exscripta,
693 2538 741 2563 an
770 2527 896 2573 potiu's
926 2528 1056 2564 scholii
1086 2540 1189 2565 more
1219 2529 1367 2572 addita3
1404 2529 1470 2564 sed
1493 2530 1564 2566 hoc
1588 2531 1710 2576 magis

176 2585 323 2622 videtur
348 2584 396 2619 ob
421 2583 603 2619 variatam
628 2583 937 2630 orthographiam
960 2587 1088 2621 balbuli
1112 2596 1182 2631 pro
1206 2588 1361 2623 balbutti.
1407 2589 1533 2624 Maius.

289 2644 310 2676 5
335 2640 498 2676 Tantum
521 2640 580 2675 est
602 2639 640 2674 iu
665 2638 798 2676 Codice
823 2639 995 2686 spatium.
1038 2644 1165 2678 Maius.

289 2702 310 2734 6
335 2696 511 2742 Sequitur
536 2695 624 2732 Cod.
650 2708 684 2742 p.
712 2700 790 2738 374,
815 2708 910 2742 quae
935 2697 1077 2734 interiit
1100 2698 1252 2744 praeter
1274 2710 1395 2745 pauca
1418 2700 1456 2735 in
1482 2702 1660 2748 margine.

290 2758 310 2790 7
336 2753 478 2789 Codex:
510 2757 642 2798 [onyae.

288 2813 311 2846 8
334 2809 470 2855 Incipit
494 2808 582 2846 Cod.
609 2821 645 2855 p.
671 2813 749 2862 37:²3.

289 2871 310 2902 9
334 2866 392 2902 Ita
417 2864 542 2902 Codex
566 2865 686 2902 amico
711 2866 899 2903 exhibere-
911 2867 1008 2903 visus
1034 2869 1100 2913 est,
1123 2869 1223 2906 Maio
1248 2873 1455 2907 Lot-retium.
