1968 3158
231 158 283 200 74
509 156 557 191 M.
578 154 802 191 CORNELII
826 152 1102 189 FRONTONIS
1127 151 1467 191 EPISTULARUM

339 270 381 312 Si
413 269 601 325 quando'
635 270 678 309 te
707 280 844 309 somno
874 271 968 321 leni,
1002 268 1055 308 ut‘
1078 269 1205 322 poeta
1236 267 1310 321 ait,
1343 271 1590 320 placidoque
1618 273 1749 311 revin—

224 338 337 380 clus-2
369 337 486 378 video
516 337 561 377 in
593 334 766 388 somnis,
805 350 1039 390 numquam
1069 337 1134 377 est
1164 335 1268 391 quin
1299 328 1532 390 amplectar
1561 338 1604 378 et
1634 350 1749 378 exos-

226 406 360 447 culor:
399 406 490 445 tum
528 417 605 457 pro
636 404 889 457 argumento
921 403 1121 458 cuiusque
1152 403 1290 445 somni
1321 405 1395 445 aut
1431 402 1511 444 fleo
1548 404 1747 458 ubertim,
1809 434 1815 440 -

225 476 298 514 aut
329 472 471 513 exulto
501 471 667 512 laetitia
698 470 839 526 aliqua
870 473 912 513 et
941 471 1172 526 voluptate.
1233 471 1327 512 Hoc
1357 486 1490 512 unum
1521 486 1572 513 ex
1601 471 1749 513 Anna-

223 541 333 582 libus
378 541 595 593 sumptum
637 539 791 580 amoris
835 539 919 581 mei
968 541 1268 595 argumentum
1311 539 1524 593 poeticum
1568 541 1611 580 et
1647 553 1749 581 sane

224 607 565 650 somniculosum.
598 606 758 661 Accipe
790 607 896 648 aliut
925 607 1175 649 rixatorium
1204 608 1290 648 iam
1320 607 1400 648 hoc
1431 609 1474 648 et
1500 607 1747 662 iurgiosum.

223 676 555 730 Nonnumquam
601 689 680 730 ego
724 677 767 716 te
813 689 953 716 coram
996 675 1263 730 paucissimis
1307 690 1357 717 ac
1405 675 1749 717 familiarissimis

223 744 326 785 meis
357 742 623 798 gravioribus
660 743 801 784 verbis
840 743 1061 784 absentem
1095 743 1331 785 insectatus
1363 758 1476 785 sum:
1515 743 1616 784 011111
1652 743 1746 798 1106,

224 826 319 854 611111
347 811 538 853 tristior3
569 825 696 864 quam
726 826 805 866 par
826 813 918 852 erat
947 810 993 852 in
1026 812 1148 853 coetu
1177 810 1399 852 hominum
1429 812 1746 867 progrederere,

221 880 288 921 vel
321 894 416 921 cum
445 879 492 920 in
521 873 690 920 theatro
727 880 775 920 tu
805 879 936 920 libros
951 919 953 921 ,
970 878 1038 920 vel
1067 879 1114 921 in
1151 879 1344 921 convivio
1382 879 1629 921 lectitabas:
1668 894 1748 921 nec

223 962 301 1003 ego
337 947 436 988 dum
465 949 514 988 tu
550 947 731 989 theatris
741 980 752 1001 ,
790 947 998 988 necdum⁴
1039 947 1257 1001 conviviis,
1298 947 1579 989 abstinebam.
1639 947 1748 989 Tum

223 1017 355 1071 igitur
384 1017 427 1056 te
459 1015 611 1056 durum
641 1017 683 1056 et
712 1014 1059 1070 intempestivum
1087 1015 1319 1069 hominem,
1351 1009 1598 1071 odiosum*!⁵
1619 1015 1749 1056 etiam

223 1097 544 1138 nonnumquam
581 1084 646 1124 ira
676 1083 863 1138 percitus
903 1082 1185 1138 appellabam.
1246 1082 1392 1132 Quod⁶
1432 1083 1465 1124 si
1506 1083 1599 1138 quis
1641 1083 1748 1125 alius

224 1151 370 1193 eodem
399 1153 442 1192 te
474 1151 664 1192 convicio
696 1151 895 1192 audiente
925 1165 992 1192 me
1024 1151 1294 1204 detrectaret,
1333 1165 1466 1205 aequo
1506 1150 1646 1192 animo
1678 1165 1748 1192 au-

223 1219 311 1260 dire
347 1233 436 1260 non
466 1221 672 1274 poteram.
732 1219 800 1260 Ita
833 1219 937 1260 mihi
967 1218 1137 1260 facilius
1168 1221 1260 1260 erat
1287 1218 1427 1273 ipsum
1457 1218 1585 1273 loqui,
1622 1233 1749 1274 quam

224 1287 327 1328 alios
358 1287 408 1328 de
438 1289 481 1328 te
512 1287 681 1342 sequius
712 1287 813 1341 quid
844 1286 982 1328 dicere
1012 1286 1198 1341 perpeti:
1227 1286 1290 1328 ita
1317 1288 1366 1328 ut
1387 1285 1581 1328 Gratiam
1610 1301 1748 1328 meam

221 1355 354 1396 filiam
383 1355 553 1397 facilius
583 1354 675 1409 ipse
695 1355 976 1409 percusserim
997 1369 1125 1409 quain
1154 1354 1207 1396 ab
1229 1354 1311 1395 alio
1332 1354 1498 1409 percuti
1529 1354 1745 1396 videi-ima.

222 1423 414 1464 Tertium
444 1423 495 1464 de
525 1423 631 1464 meis
667 1422 881 1464 frivoleis⁷
925 1422 1090 1464 addam.
1153 1421 1243 1464 Scis
1280 1423 1329 1463 ut
1365 1421 1412 1462 in
1450 1422 1646 1463 omnibus
1683 1437 1747 1463 ar-

222 1491 432 1546 gentariis
455 1490 677 1544 mensulis,
709 1489 937 1546 perguleis‚
970 1490 1201 1544 taberneis,
1234 1489 1477 1544 prot-ecteis,
1509 1489 1745 1544 vestibulis,

212 1547 445 1613 'fenestris‚
484 1572 806 1614 usquequaque,
853 1558 1009 1613 ubique
1054 1558 1266 1613 imagines
1296 1559 1462 1599 vestrae
1492 1557 1580 1599 sint
1623 1557 1748 1613 volgo

220 1627 482 1682 propositae,
531 1626 642 1668 male
685 1626 784 1668 illae
828 1626 999 1682 quidem
1052 1626 1193 1681 pictae
1235 1626 1462 1681 pleraeque
1509 1627 1551 1667 et
1589 1640 1744 1680 crassa,

221 1695 335 1737 lutea
365 1695 508 1749 11111110,
540 1694 736 1736 Minerva
756 1694 881 1736 fictae
903 1694 1166 1749 scalptaeve3
1197 1708 1293 1736 cum
1311 1694 1485 1735 interim
1514 1709 1748 1749 numquam

220 1765 295 1804 tua
324 1763 467 1818 imago
496 1765 587 1804 tam
618 1762 835 1804 dissimilis
873 1762 926 1804 ad
965 1762 1108 1804 oculos
1149 1776 1265 1803 meos
1301 1762 1348 1803 in
1384 1761 1537 1803 itinere
1568 1761 1745 1816 accidit,

220 1833 268 1872 ut
297 1846 385 1873 non
416 1846 467 1872 ex
498 1845 568 1873 ore
598 1845 692 1872 meo
723 1830 956 1872 excusserit
984 1830 1140 1872 rictum
1170 1829 1327 1872 osculei
1357 1831 1401 1871 et
1430 1843 1638 1871 somnum.

333 1898 461 1941 Nunc
491 1901 540 1940 ut
567 1898 756 1940 frivoleis
795 1899 925 1939 finem
963 1898 1121 1939 faciam
1159 1900 1202 1939 et
1233 1899 1457 1939 convertar
1492 1897 1545 1938 ad
1574 1897 1744 1951 serium,

221 1966 300 2007 hae
337 1966 506 2008 litterae
543 1968 642 2008 tuae
682 1981 778 2009 611111
814 1966 963 2021 primis
1005 1965 1164 2007 indicio
1200 1965 1306 2018 mihi
1350 1966 1526 2006 fuerunt
1535 1998 1546 2019 ‚
1587 1966 1746 2020 quanto

221 2048 346 2088 opere
375 2036 418 2076 te
449 2035 639 2090 diligam,
682 2049 777 2076 cum
807 2033 945 2089 magis
975 2033 1250 2088 perturbatus
1281 2047 1374 2074 sum
1405 2033 1458 2074 ad
1477 2034 1598 2074 tuum
1619 2047 1746 2087 quam

290 2176 301 2183 ο
334 2204 355 2228 a
380 2195 423 2226 In
446 2196 613 2238 margine:
654 2192 811 2228 Facilius
841 2192 955 2227 filium
986 2190 1066 2236 quis
1102 2202 1208 2226 suum
1241 2172 1379 2234 caedit,
1420 2201 1531 2235 quam
1562 2190 1666 2225 caedi
1696 2191 1743 2227 ab

221 2247 292 2283 alio
317 2248 467 2294 patitur.

333 2412 351 2442 1
376 2407 511 2442 Errore
536 2407 594 2442 bis
619 2408 812 2454 scriptum3
839 2418 932 2442 corr.
958 2419 1014 2452 pr.
1040 2418 1088 2442 m.

332 2469 352 2499 2
378 2464 561 2499 Credibile
586 2465 641 2500 est
663 2465 734 2500 hoc
759 2465 993 2510 desumptum
1018 2473 1095 2498 esse
1121 2473 1164 2498 ex
1187 2462 1386 2498 Annalium
1411 2462 1573 2498 exordio.

331 2525 352 2557 3
378 2521 421 2556 cf.
445 2508 643 2566 Capitolin.
672 2533 700 2556 6.
719 2525 741 2556 4
766 2522 804 2556 et
829 2524 881 2556 15.
929 2519 1113 2565 Hauptius
1140 2519 1285 2555 scribit:
1311 2523 1346 2554 in
1370 2526 1499 2555 coetum
1522 2523 1695 2555 hominum.

329 2581 350 2612 4
376 2580 461 2612 Dum
486 2577 682 2622 superadd.
708 2576 747 2611 in
772 2576 916 2612 Codice.
976 2576 1127 2620 Aliquid
1157 2575 1349 2611 turbatum
1378 2575 1525 2611 videtur
1550 2586 1637 2622 esse:
1686 2576 1745 2610 An

219 2641 284 2668 tum
308 2637 474 2669 theatris?
512 2634 643 2678 Itaque
667 2634 706 2668 in
728 2633 845 2679 Epist.
872 2633 920 2669 ad
941 2632 1056 2667 Amic.
1074 2633 1120 2676 II,
1138 2638 1157 2668 3
1183 2632 1305 2668 dicere
1322 2632 1460 2678 potuit:
1485 2635 1608 2667 Rasum
1630 2636 1743 2668 studio

218 2693 415 2725 circensium
439 2698 567 2730 teneor,
594 2690 694 2735 quod
718 2689 856 2725 scilicet
878 2688 1138 2726 intermiserat.

332 2750 351 2781 5
376 2746 508 2792 Incipit
534 2747 621 2782 Cod.
646 2746 731 2783 Vat.
757 2759 794 2792 p.
816 2750 889 2782 131.

332 2806 351 2836 6
378 2802 517 2838 Codex:
544 2810 632 2848 quot.
1295 2834 1298 2837 .

332 2862 350 2895 7
374 2858 428 2894 Ex
453 2862 501 2894 eis
524 2858 612 2895 fecit
635 2862 664 2894 is
690 2859 905 2896 emendator
929 2859 967 2895 in
990 2859 1061 2895 hoc
1086 2860 1123 2897 et
1138 2859 1177 2895 in
1193 2858 1431 2904 sequentibus
1447 2857 1589 2904 aliquot
1604 2858 1738 2895 verbis.
