1968 3158
698 166 761 203 DE
785 166 981 203 NEPOTE
1005 164 1191 202 Amisso
1352 221 1356 224 ⁴
1635 165 1722 208 233

185 281 305 334 nulla
333 281 437 325 fatis
475 282 723 325 diiudicatio
760 283 846 336 est,
885 281 1003 337 quali
1034 280 1124 323 viro
1159 280 1270 324 filius
1310 279 1552 337 eripiatur?
1599 279 1720 323 Faci-

185 365 363 395 norosus
394 351 546 407 aliqui*
590 353 633 393 et
670 350 875 393 scelestus
905 349 1113 404 mortalis,
1152 363 1279 405 quem
1308 349 1449 404 ipsum
1487 362 1720 404 numquam

184 419 304 463 nasci
344 420 496 462 melius
533 419 684 473 foret²,
724 418 959 461 incolumes
997 417 1153 460 liberos
1192 417 1348 471 educit,
1387 417 1434 459 in
1471 419 1607 459 morte
1646 431 1723 459 sua

186 488 437 544 superstites
474 487 697 543 relinquit:
736 485 1000 540 Victorinus,
1044 485 1107 527 vir
1144 488 1320 528 sanctus
1330 486 1362 540 ³,
1404 485 1523 527 cuius
1562 484 1722 527 similes

187 571 315 613 quam
344 556 551 612 plurimos
581 555 704 612 gigni
726 554 937 610 optimum
967 553 1186 610 publicum
1206 554 1350 608 fuerit,
1385 553 1606 596 carissimo
1635 553 1723 596 filio

186 625 379 680 privatus
401 626 479 667 est.
519 623 651 679 Quae,
684 622 865 665 malum!
897 621 1167 677 providentia
1188 624 1277 664 tam
1308 621 1453 678 inique
1483 621 1724 678 prospicit?

185 692 220 735 F
222 694 294 736 ata
325 708 350 734 a
379 692 512 735 fando
542 691 759 748 appellata
789 690 932 751 aiunt:
965 690 1144 733 hoccine
1175 692 1240 733 est
1270 692 1385 732 recte
1416 689 1533 732 fari?
1563 689 1723 732 Poetae

186 763 331 804 autem
363 760 478 803 colus
524 762 568 802 et
604 760 677 802 fila
710 759 815 801 fatis
847 758 1101 814 adsignant:
1148 758 1270 801 nulla
1308 758 1501 813 profecto
1539 760 1628 800 tam
1667 758 1725 800 sit

184 829 420 885 inportuna
457 829 500 870 et
537 827 725 871 insciens
762 826 950 881 lanifica,
989 841 1098 882 quae
1132 826 1231 869 'erili
1269 828 1399 882 togae
1437 825 1620 868 solidum
1659 824 1722 868 et⁴

186 897 408 951 nodosum,
449 896 618 938 servilei
650 897 794 938 autem
832 894 987 936 subtile
1025 896 1068 936 et
1097 896 1226 937 tenue
1257 894 1510 950 suptemen5
1540 893 1721 936 neverit.

188 964 332 1008 Bonos
371 965 483 1008 viros
520 964 640 1007 luctu
678 962 824 1018 adfici,
872 962 1007 1004 malos
1047 977 1091 1004 re
1129 962 1334 1005 familiari
1373 962 1579 1004 incolumi
1623 962 1724 1016 frui,

187 1047 326 1089 neque
356 1047 551 1075 mensum
582 1046 720 1088 neque
750 1046 932 1087 pensum
961 1031 1151 1074 fatorum
1179 1031 1401 1073 lanificum
1432 1031 1554 1072 duco.

302 1100 397 1144 Nisi
427 1101 539 1143 forte
570 1100 679 1143 alius
709 1099 910 1155 (1111(-101116
938 1113 1016 1142 nos
1038 1114 1156 1142 error
1175 1099 1312 1141 iactat
1337 1101 1380 1140 et
1401 1099 1545 1154 ignari
1568 1113 1725 1151 rerum,

189 1184 299 1226 quae
329 1169 443 1212 mala
473 1170 590 1223 sunt,
630 1168 753 1225 quasi
782 1182 988 1223 prospera
1027 1167 1391 1223 concupiscimus3
1431 1168 1582 1208 contra
1619 1180 1727 1221 quae

189 1238 303 1280 bona
333 1239 448 1292 sunt,
481 1251 559 1293 pro
591 1236 779 1279 adversis
811 1251 1057 1291 aversamur
1095 1238 1139 1278 et
1168 1250 1282 1278 mors
1316 1269 1324 1277 .
1360 1235 1412 1289 .⁷,
1453 1249 1562 1290 quae
1592 1234 1727 1276 omni—

189 1306 269 1348 bus
298 1305 494 1348 luctuosa
524 1305 706 1359 videtur,
737 1319 918 1360 pausam
947 1304 1144 1347 laborum
1166 1304 1306 1346 adfert
1327 1305 1370 1345 et
1391 1301 1729 1345 sollicitudinum

191 1375 235 1417 et
271 1373 589 1428 calamitatum,
636 1372 1025 1431 miserjssrimisque
1076 1371 1264 1428 corporis
1304 1371 1488 1414 vinculis
1526 1370 1729 1412 liberatos

191 1443 246 1484 ad
276 1441 513 1498 tranquilla
543 1456 621 1483 nos
653 1443 696 1483 et
726 1455 906 1483 amoena
938 1443 981 1483 et
1011 1441 1210 1483 omnibus
1240 1439 1365 1482 bonis
1386 1439 1547 1481 referta
1568 1438 1729 1480 anima-

195 1525 372 1566 rumque
404 1508 688 1552 conciliabula
718 1509 919 1551 travehit.
979 1508 1075 1551 Hoc
1106 1523 1186 1565 ego
1207 1509 1295 1551 ita⁹
1328 1522 1420 1550 esse
1440 1507 1612 1549 facilius
1643 1521 1730 1548 cre-

192 1578 386 1633 diderim,
433 1592 560 1633 quam
599 1578 755 1619 cuncta
792 1576 983 1619 humana
1023 1578 1098 1619 aut
1133 1577 1252 1619 nulla
1291 1579 1366 1619 aut
1402 1575 1552 1631 iniqua
1590 1574 1730 1630 provi-

194 1646 342 1690 dentia
371 1646 479 1702 regi.

307 1713 466 1764 Quodsi
480 1713 512 1739 ¹⁰
556 1727 670 1755 mors
708 1713 968 1770 gratulanda
1011 1712 1155 1785 potius
1201 1714 1266 1754 est
1308 1711 1553 1754 hominibus
1603 1725 1732 1766 quam

193 1782 494 1836 lamentanda,
542 1783 705 1836 quanto
749 1780 927 1836 quisque
966 1795 1061 1823 eam
1086 1781 1213 1822 natu
1251 1781 1392 1822 minor
1430 1779 1610 1834 adeptus
1651 1780 1729 1833 est,

194 1853 318 1894 tanto
369 1849 536 1892 beatior
587 1851 630 1891 et
690 1849 779 1891 deis
832 1849 1048 1904 acceptior
1105 1848 1414 1890 existimandus
1469 1849 1553 1902 est,
1614 1847 1732 1888 ocius

197 1919 387 1975 corporis
417 1917 541 1959 malis
573 1919 738 1972 exutus,
770 1917 888 1959 ocius
920 1917 973 1959 ad
1003 1916 1186 1959 honores
1216 1916 1378 1958 liberae
1413 1915 1582 1957 animae
1613 1929 1733 1956 usur-

195 1987 361 2044 pandos
396 1986 560 2028 excitus
576 1985 620 2028 ¹¹.
681 1984 802 2034 Quod
839 1987 986 2027 tamen
1015 1999 1162 2027 verum
1193 1984 1250 2026 sit
1279 1984 1395 2038 licet,
1427 1984 1550 2038 parvi
1585 1985 1734 2024 nostra

197 2055 343 2109 refert,
367 2053 440 2110 qui
461 2053 749 2095 desideramus
771 2053 970 2095 amissos:
1000 2052 1124 2094 nec¹2
1144 2052 1373 2115 fflicquam
1394 2066 1472 2093 nos
1494 2051 1734 2093 animarum

196 2121 499 2166 immortalitas
539 2121 798 2176 consolatur,
838 2122 911 2176 qui
950 2120 1182 2162 carissimis
1212 2119 1372 2162 nostris
1412 2119 1512 2161 dum
1552 2118 1735 2161 vivimus

315 2264 331 2294 1
357 2259 416 2294 Ita
441 2257 577 2293 Codex.

314 2320 334 2351 2
358 2314 488 2350 Malim
509 2317 639 2359 fuerat.
682 2316 919 2358 Heindorfius

313 2376 334 2407 3
358 2371 414 2406 De
439 2370 517 2405 eius
540 2369 708 2404 moribus
733 2370 777 2405 cf
803 2369 962 2412 Dionem
986 2369 1129 2404 LXXII
1164 2347 1215 2404 11.
1267 2371 1393 2404 Maius.

315 2431 338 2462 4
360 2426 545 2462 Videntur
566 2425 719 2471 periisse
745 2425 841 2462 duae
864 2425 1024 2462 litterae.
1073 2425 1193 2461 Maius
1218 2432 1286 2460 auc

317 2487 338 2519 5
360 2482 495 2518 Maius:
521 2484 735 2528 Supteqmen.

317 2543 338 2575 6
363 2538 504 2574 Codex:
530 2542 673 2584 quidem.

319 2600 337 2632 7
365 2595 504 2641 Supple
530 2595 707 2639 quattuor
730 2594 887 2630 litteras,

318 2657 339 2689 8
363 2651 500 2697 Incipit
525 2650 614 2687 Cod.
643 2662 679 2696 p.
709 2653 783 2687 156.

320 2714 340 2746 9
364 2707 484 2744 Maius
509 2718 725 2754 perperam:
748 2710 818 2751 fas.

300 2771 341 2802 10
364 2764 495 2801 Malim
520 2777 639 2810 quare.
687 2765 924 2800 Βαιιηιαηηιιε.

300 2826 341 2858 11
369 2821 477 2857 Cod.:
503 2824 635 2856 exictue
661 2820 699 2855 et
722 2830 815 2855 corr.
842 2822 966 2856 exitus.
1015 2819 1072 2854 An
1097 2823 1253 2854 evectus?
1302 2821 1517 2855 Niebuhr-ius.

301 2882 343 2914 12
367 2878 425 2913 Ita
450 2876 590 2922 Codex;
616 2876 725 2914 aliter
747 2875 876 2912 Maius.
907 2896 946 2901 —
971 2875 1030 2910 An
1054 2878 1296 2922 nequicquam?
1342 2877 1579 2919 Heindorfius.
