1968 3158
1637 120 1653 130 s

242 135 296 176 22
528 131 575 168 M.
597 128 818 167 Coeum-1211
846 126 1123 166 FRoNToms
1148 127 1489 170 EPlsTULARUM

244 262 373 303 eaque
411 246 696 288 delenimenta
733 258 840 297 quae
880 243 1116 285 mulcendis
1155 245 1269 300 volgi
1309 246 1506 288 auribus¹
1548 250 1768 304 conparat,

242 331 296 357 ne
329 314 447 357 cum²
478 313 610 353 multo
642 326 690 352 ac
720 325 879 366 magno
911 312 1113 354 dedecore
1151 312 1298 354 fucata
1329 313 1436 356 sint:
1475 315 1617 370 potius
1647 318 1696 358 ut
1723 317 1770 359 in

244 380 546 437 conpositionis
577 380 899 434 structuraeque
929 380 1111 421 mollitia
1142 380 1198 421 sit
1219 380 1422 422 delictum
1442 380 1571 437 quam
1600 384 1647 425 in
1677 399 1769 427 sen-

240 438 676 502 tentia'i11pudenti3.
723 445 899 488 Vestem
930 462 1095 503 quoque
1127 448 1322 490 lanarum
1343 449 1524 491 mollitia
1545 450 1770 495 delicatam

241 517 368 570 esse4⁷
401 529 528 569 quam
559 513 697 555 colore
718 514 928 569 muliebri,
960 515 1033 557 filo
1053 517 1174 558 tenui
1204 518 1278 558 aut
1300 517 1455 572 serico;
1486 521 1771 573 purpuream⁵

239 586 398 639 ipsam,
445 596 533 623 non
572 581 734 623 luteam
771 597 851 624 nec
883 585 1111 625 crocatam.
1171 583 1304 626 Vobis
1335 587 1578 641 praeterea,
1618 587 1770 642 quibus

238 665 425 706 purpura
457 651 499 691 et
537 664 662 691 cocco
691 650 755 691 uti
794 651 1083 693 necessarium
1120 653 1207 706 est,
1241 652 1388 699 eodem
1416 653 1533 695 cultu
1559 668 1771 701 nonnum-

239 733 364 773 quam
385 717 519 758 oratio
540 731 704 772 quoque
736 720 800 759 est
831 718 1070 773 amicienda
1080 720 1110 761 6.
1149 719 1298 761 Facies
1319 721 1428 762 istut
1448 723 1491 763 et
1511 722 1771 777 temperabis

239 788 281 828 et
309 785 622 826 moderaberis⁷
662 785 814 826 81nodo
844 787 1264 843 temperamentoque
1301 788 1476 843 optimo.
1547 789 1617 832 Sic
1633 791 1771 839 -enim

238 867 441 908 auguror:
473 852 677 907 quidquid
708 853 881 908 egregie
911 855 1139 908 umquam⁰
1169 855 1217 896 in
1248 855 1492 910 eloquentia
1511 857 1678 899 factum
1698 859 1768 913 sit,

236 923 278 962 te
316 921 359 962 id
397 921 707 975 perfecturum:
755 922 879 962 tanto
918 922 1095 976 ingenio
1145 937 1188 964 es
1226 923 1444 977 praeditus
1482 926 1689 980 tantoque
1726 928 1770 968 te

237 987 374 1029 studio
397 1002 566 1030 exerces
589 990 632 1029 et
652 988 797 1030 labore
809 988 856 1043 ¹⁰,
876 1003 1003 1043 quom
1017 989 1064 1030 in
1083 989 1177 1031 aliis
1195 990 1260 1031 vel
1276 990 1367 1032 sine
1383 991 1560 1047 ingenio
1582 993 1771 1037 studium

236 1055 302 1097 vel
333 1055 424 1096 sine
457 1055 596 1097 studio
625 1055 762 1097 solum
796 1056 1022 1111 ingenium
1053 1058 1272 1113 egregiam
1302 1058 1495 1113 gloriam.
1514 1062 1771 1115 pepererit.a

350 1122 524 1165 Certum
561 1123 698 1165 habeo
735 1126 802 1178 te,
842 1123 1046 1179 Domine,
1095 1125 1361 1181 aliquantum
1397 1128 1601 1182 temporis
1642 1129 1771 1172 etiam

236 1206 383 1246 prosae
414 1191 643 1233 orationi11
666 1192 718 1245 1¹²
746 1191 1044 1234 inscribendae
1074 1192 1320 1248 inpendere.
1383 1194 1497 1236 Nam
1526 1196 1606 1238 etsi
1637 1187 1770 1253 aeque

222 1259 493 1314 ,pernicitas
523 1263 726 1314 equorum
779 1262 1019 1315 exercetur,
1087 1261 1174 1303 sive
1222 1262 1494 1317 quadrupedo
1511 1264 1544 1290 ¹3
1595 1267 1771 1308 currant

350 1361 372 1384 a
395 1352 440 1384 In
464 1337 616 1395 margine
637 1358 718 1394 post
743 1358 813 1386 tres
837 1364 954 1386 versus
986 1358 1020 1386 et
1043 1355 1212 1386 dimidium
1243 1356 1300 1397 qui
1322 1356 1487 1398 integram
1512 1357 1594 1398 folii
1616 1358 1771 1390 latitudi—

237 1419 308 1440 nem
335 1410 502 1451 complent
524 1410 647 1451 legitur
671 1410 750 1442 hoc:
776 1428 819 1432 ——
843 1408 905 1442 tor
927 1407 1044 1443 vestis
1075 1407 1235 1443 mollitia
1264 1408 1437 1444 lanarum
1461 1409 1623 1446 deiicata
1646 1411 1771 1456 potius

237 1474 347 1506 quam
378 1463 499 1498 colore
531 1462 762 1506 effeminato,
798 1464 859 1499 filo
890 1464 992 1499 tenui
1026 1465 1090 1499 aut
1120 1464 1254 1508 serim,
1295 1477 1483 1510 purpureo
1517 1466 1656 1510 colore,
1696 1478 1771 1503 non

234 1519 375 1554 luteam
404 1530 473 1554 nec
505 1520 704 1554 crocatam.
753 1519 869 1555 Vobis
901 1521 1101 1565 praeterea
1137 1532 1304 1566 purpura
1340 1522 1494 1556 utuntur
1523 1523 1771 1558 necessarium

236 1576 291 1610 cst
315 1596 359 1600 —
384 1575 502 1611 oratio
528 1586 675 1621 quoque
701 1577 757 1611 est
781 1576 998 1611 amicienda.
1049 1577 1107 1611 Tu
1138 1576 1250 1612 facies
1280 1577 1373 1612 illud
1410 1578 1448 1613 et
1480 1579 1707 1623 temperabis
1733 1581 1772 1615 et

235 1643 294 1667 1110
306 1632 327 1676 [.
349 1661 355 1667 .
377 1660 383 1666 .
405 1633 426 1677 .]
454 1631 594 1677 optimo
619 1632 731 1666 modo
757 1643 800 1667 ac
823 1634 1133 1678 temperamento.
1177 1632 1236 1668 Sic
1262 1632 1359 1668 enim
1384 1645 1549 1679 auguror
1566 1634 1655 1679 quid
1681 1635 1771 1680 [elo-

236 1687 403 1733 quenffia
427 1689 558 1724 eximie
584 1688 655 1724 erit
679 1689 829 1733 factum,
853 1690 961 1724 tanto
978 1689 1128 1734 ingenio
1149 1690 1159 1735 [
1164 1718 1369 1725 ........
1375 1691 1386 1735 ]
1405 1701 1518 1734 quum
1541 1690 1580 1726 in
1605 1691 1686 1727 aliis
1710 1692 1772 1728 vel

239 1743 315 1780 sine
340 1745 489 1791 ingenio
516 1745 680 1780 studium
707 1774 713 1780 .
736 1774 742 1779 .
764 1774 770 1780 .

350 1829 367 1858 1
393 1825 596 1869 Perperam
619 1825 755 1860 Maius:
782 1829 912 1860 animis.

349 1885 368 1915 2
393 1881 435 1915 In
460 1880 611 1917 Codice:
638 1895 679 1916 ne
704 1893 851 1918 erasum
875 1883 931 1916 est
956 1882 994 1917 et
1017 1896 1087 1917 cum
1113 1895 1135 1918 a
1159 1894 1230 1918 sec.
1257 1895 1305 1918 m.

350 1941 370 1972 3
394 1937 452 1972 Ita
469 1937 684 1983 Schopenus
709 1938 832 1973 locum
856 1938 1103 1984 probabiliter
1129 1938 1332 1975 constituit.
1373 1940 1514 1976 Codex:
1535 1945 1654 1986 potius
1676 1949 1712 1977 uc
1735 1947 1770 1978 in

235 1997 479 2036 conpositionis
510 1999 814 2040 instruetur-aeque.
870 2007 925 2040 pr.
946 2007 995 2030 m.
1021 2000 1352 2042 instruetur-aequae.
1405 1996 1498 2032 Fere
1529 1998 1657 2033 malim
1687 2010 1770 2034 cum

235 2049 462 2085 Ecksteinio:
499 2055 533 2086 in
563 2055 804 2087 sententiarum
833 2055 1052 2096 impudentia.
1108 2052 1257 2088 Etenim
1288 2053 1375 2088 Cod.
1402 2065 1457 2098 pr.
1477 2066 1524 2088 m.
1552 2059 1768 2100 inpudentia:

237 2105 355 2141 altera
371 2119 418 2142 m.
445 2111 631 2152 inpudenti.

350 2167 371 2197 4
395 2162 454 2198 Sic
472 2163 606 2200 Codex.
638 2165 789 2210 Ah'quid
812 2165 1007 2201 turbatum
1029 2177 1107 2201 esse
1125 2168 1294 2211 apparet.
1327 2166 1474 2201 Excidit
1490 2167 1651 2203 fortasse
1669 2173 1766 2207 malo,

236 2218 283 2252 Et
307 2218 361 2254 ita
384 2220 514 2256 Maius.

352 2279 372 2310 5
396 2276 619 2312 Niebuhrius
645 2279 802 2313 coniecit
811 2293 821 2312 :-
842 2292 1041 2324 purpuram.
1089 2279 1147 2313 An
1172 2285 1343 2315 crocotam
1367 2290 1436 2325 pro
1461 2286 1656 2316 crocatam?

350 2335 370 2366 6
394 2333 596 2378 Perperam
620 2335 756 2370 Maius:
783 2339 971 2371 amiciendo
995 2343 1057 2372 est.

352 2392 370 2422 7
397 2387 535 2425 Codex:
561 2395 802 2427 moderaveris.

289 2478 294 2482 .
347 2449 367 2479 8
394 2444 533 2481 Codex:
560 2444 696 2483 OEODO
717 2477 724 2483 .
745 2477 750 2483 .
771 2448 924 2484 (OPER.
943 2477 948 2483 .
972 2477 978 2483 .
997 2477 1003 2482 .
1022 2449 1104 2483 tum
1121 2460 1196 2494 seq.
1208 2460 1319 2485 versu
1336 2449 1647 2492 QVEOPTIOEOS
1662 2462 1768 2488 erasa

238 2501 430 2543 postrema
455 2501 591 2538 littera.
641 2504 777 2539 Maius:
803 2509 927 2549 optimo
952 2509 1049 2540 modo
1074 2519 1115 2540 ao
1140 2513 1413 2550 temperamento.

349 2561 368 2591 9
393 2558 587 2603 Apparent
622 2560 659 2594 in
687 2560 820 2595 Codice
856 2561 992 2596 indicia
1027 2562 1248 2596 vocabulum
1279 2562 1476 2598 delendum
1502 2575 1580 2598 esse
1622 2565 1660 2599 et
1691 2575 1767 2600 cor—

232 2610 427 2655 rigendum
453 2607 548 2650 esse:
577 2621 716 2652 eximia.

331 2673 369 2704 10
392 2670 492 2715 Lege
518 2671 768 2716 Capitolinum
791 2673 866 2708 Vit.
895 2686 924 2709 c.
944 2679 975 2709 3.
1017 2678 1144 2710 Maius.

330 2730 367 2759 ll
395 2725 535 2762 Codex:
558 2742 664 2772 prose
688 2734 855 2766 orationis
879 2732 918 2766 et
942 2742 1034 2766 corr.
1059 2745 1199 2776 prosae.
1248 2731 1344 2766 Tum
1367 2731 1511 2767 malim:
1537 2736 1749 2772 scribendae.

329 2785 368 2814 12
393 2782 526 2827 Incipit
551 2784 638 2819 Cod.
664 2786 836 2822 Ambros.
862 2800 898 2832 p.
919 2791 971 2823 63.

331 2839 371 2871 13
396 2836 534 2874 Codex:
561 2845 787 2886 quadripedo.
837 2843 970 2879 Confer
995 2844 1279 2881 adnotationem
1303 2845 1528 2880 Buttmanni.
