1968 3158
435 158 501 195 AD
525 137 827 197 ANTONINUM*
847 160 942 196 IMP.
970 160 1032 196 ΕΤ
1058 160 1261 197 INVICEM
1284 160 1430 197 LIBER
1452 161 1498 196 ΙΙ.
1658 162 1739 204 105

196 273 309 331 quod
338 274 502 330 legam,
548 275 616 318 vel
652 277 775 318 tuum
806 276 904 318 aut¹
938 275 1115 319 Catonis
1153 275 1252 318 aut²
1284 275 1504 319 Ciceronis
1542 277 1618 319 aut
1648 276 1738 320 Sal-

195 340 315 387 lustii
346 345 421 387 aut
452 343 639 388 Gracchi
670 347 745 388 aut
774 347 927 402 poetae
949 344 1151 387 alicuius:
1183 347 1324 402 χρῄζω
1354 345 1438 399 γὰρ
1469 345 1737 401 ἀναπαύληε,

198 414 242 456 61
270 412 456 456 maxime
487 413 569 456 hoc
606 428 766 470 genus,
813 428 922 470 quae
960 427 1029 455 me
1067 413 1195 455 lectio
1237 413 1416 456 extollat
1453 415 1496 456 et
1526 413 1739 456 diffundat

196 482 243 526 ἐκ
271 485 359 526 τῶν
391 485 706 537 κατειληφυιῶν
738 482 998 537 φροντίδων.
1058 481 1206 524 Etiam
1237 482 1272 524 si
1302 482 1492 526 Lucretii
1523 484 1598 525 aut
1618 482 1737 525 Enni

197 552 400 607 excerpta
429 550 562 594 habes
593 551 774 605 εὔφωνα
907 550 1041 606 Βφρα,
1073 552 1117 592 61
1146 550 1282 593 sicubi
1313 552 1446 604 ἤθους
1478 551 1690 606 ἐμφάεειε.

417 665 488 708 II.
529 664 733 708 Domino
763 664 864 708 Meo
894 662 1139 708 Antonino
1170 662 1292 718 Aug.
1323 664 1522 710 Fronto.

309 743 377 787 Ne
407 758 488 801 ego
517 746 615 800 post
644 743 840 787 homines
870 745 995 787 natos
1027 745 1070 787 et
1098 743 1264 787 locutos
1301 744 1493 787 omnium
1522 745 1738 788 facundis-

195 812 328 855 simus
358 812 542 868 habear,
585 827 683 856 cum
711 814 760 856 tu
785 812 844 856 M.
867 812 1018 855 Aureli
1055 827 1151 855 mea
1181 813 1343 869 scripta
1372 813 1543 856 lectitas
1574 816 1618 856 et
1644 829 1739 870 pro-

195 881 272 924 bas
305 881 339 939 14
370 883 414 924 et
443 881 654 924 lucrativa
682 883 760 924 tua
788 881 836 924 in
864 881 1001 924 tantis
1038 881 1227 938 negotiis
1270 883 1466 938 tempora
1501 882 1608 924 meis
1638 897 1738 938 quo-

195 964 278 1006 que
307 949 574 992 orationibus
604 950 799 1006 legendis
830 964 1040 1006 occupare
1078 964 1168 993 non
1205 949 1360 993 inutile
1394 950 1476 997 tihi
1515 951 1739 994 arbitraris

196 1033 278 1062 1166
306 1018 638 1061 infructuosum.

311 1086 433 1137 Quod
463 1087 553 1129 sive
584 1101 728 1130 amore
757 1087 961 1143 inductus
1001 1088 1132 1130 etiam
1161 1087 1341 1144 ingenio
1370 1101 1465 1130 meo
1496 1088 1737 1144 delectaris,

196 1155 468 1198 beatissimus
499 1155 695 1211 equidem
725 1170 840 1211 sum,
882 1156 995 1212 quod
1024 1155 1106 1198 tibi
1135 1158 1227 1198 tam
1258 1170 1352 1198 sum
1384 1170 1527 1212 caruS,
1568 1158 1618 1199 ut
1648 1171 1739 1199 6886

196 1223 344 1267 videar
383 1224 515 1267 etiam
554 1224 760 1267 disertus:
805 1224 894 1267 sive
931 1224 994 1267 ita
1032 1239 1180 1268 censes
1219 1226 1347 1281 atque
1385 1224 1448 1267 ita
1477 1224 1635 1267 iudicio
1665 1227 1739 1267 tuo

196 1295 240 1336 et
269 1292 403 1335 animi
434 1293 652 1336 sententia
682 1293 898 1348 decernis,
949 1292 1055 1335 mihi
1093 1308 1259 1350 quoque
1297 1293 1385 1336 iam
1422 1292 1607 1336 disertus
1646 1293 1739 1336 iure

197 1361 387 1417 videbor,
419 1362 624 1418 quoniam
653 1362 801 1405 videar
830 1361 926 1405 tibi.
1239 1412 1242 1417 ¹

310 1429 432 1481 Quod
462 1445 563 1473 vero
591 1430 730 1486 patris
759 1430 824 1473 tui
854 1430 1001 1473 laudes
1034 1445 1059 1472 a
1078 1445 1146 1473 me
1177 1431 1223 1472 in
1254 1432 1409 1473 senatu
1439 1430 1665 1487 designato
1696 1434 1740 1474 et

195 1498 306 1541 inito
338 1498 564 1541 consulatu
601 1513 695 1541 meo
734 1498 901 1541 dictas5
943 1498 1091 1555 legisti
1127 1498 1332 1555 libenter,
1371 1498 1548 1541 minime
1585 1499 1738 1542 miror:

196 1581 383 1622 namque
412 1569 462 1609 tu
483 1563 668 1609 Parthos
699 1567 829 1610 etiam
860 1569 903 1610 et
922 1566 1108 1610 Hiberos
1139 1582 1217 1610 sua
1246 1567 1398 1624 lingua
1418 1569 1587 1623 patrem
1617 1569 1739 1624 tuum

195 1635 424 1678 laudantes
454 1649 533 1691 pro
563 1635 740 1678 summis
771 1636 1016 1679 oratoribus
1048 1636 1210 1678 audias.

310 1702 404 1746 Nec
433 1718 573 1746 meam
602 1704 856 1759 orationem,
889 1705 963 1747 sed
992 1704 1130 1760 patris
1160 1704 1225 1746 tui
1244 1704 1450 1747 virtutem
1470 1704 1650 1747 miratus
1676 1719 1736 1760 es,

196 1787 277 1815 1166
307 1772 544 1815 laudatoris
575 1772 719 1828 verba,
752 1773 826 1815 sed
855 1772 1020 1815 laudati
1049 1772 1168 1815 facta
1197 1772 1384 1815 laudasti
1395 1781 1425 1815 ⁸.

310 1840 375 1883 De
403 1840 492 1883 tuis
523 1840 655 1883 etiam
684 1841 905 1897 laudibus,
949 1855 1055 1897 quas
1092 1841 1141 1883 in
1178 1843 1332 1883 senatu
1370 1841 1519 1883 eadem
1555 1841 1631 1884 illa
1670 1842 1738 1884 die

171 1909 368 1965 ·protuli,
401 1909 464 1952 ita
494 1909 656 1952 sentias
686 1909 835 1952 velim:
866 1911 972 1952 1311116
1001 1910 1048 1952 111
1078 1911 1122 1952 16
1153 1909 1353 1952 eximiam
1380 1909 1569 1951 indolem
1588 1909 1736 1966 fuisse,

196 1966 315 2020 1111116
352 1992 563 2020 summam
599 1978 825 2021 virtutem:
868 1977 1041 2034 frugem
1076 1978 1183 2020 tunc
1227 1978 1275 2020 111
1313 1979 1459 2034 segete
1496 1977 1736 2034 florentem,

197 2060 314 2088 1111116
342 2060 524 2088 messem
553 2046 793 2102 perfectam
823 2047 866 2089 et
896 2045 1048 2088 horreo
1081 2046 1311 2089 conditam.
1359 2045 1596 2102 Sperabam
1615 2048 1736 2102 111116,

196 2114 334 2157 habeo
364 2129 502 2157 nuno:
541 2129 637 2171 spes
666 2115 714 2157 in
743 2130 835 2157 rem
874 2114 1154 2158 convertitssb.
1216 2113 1338 2165 Quod
1376 2116 1519 2157 autem
1557 2115 1674 2157 mitti
1713 2132 1738 2158 a

197 2197 265 2225 me
295 2182 375 2225 tibi
404 2182 635 2238 postulasti
665 2183 853 2240 acceptis
887 2216 1735 2226 ....................

312 2353 335 2377 a
358 2344 404 2377 In
427 2345 595 2388 margine:
621 2342 700 2378 Nec
722 2353 846 2378 meam
871 2363 914 2368 —
937 2342 1110 2379 laudasti.
1196 2379 1198 2381 ,

310 2398 336 2433 b
361 2401 410 2434 In‘
430 2402 598 2444 maryine:
623 2398 729 2435 Tunc
753 2399 901 2445 frugem
924 2400 964 2435 in
988 2410 1065 2445 seg.
1092 2399 1170 2436 flor.
1198 2420 1242 2425 —
1267 2398 1463 2436 convertit.

315 2493 333 2524 1
358 2488 480 2525 Maius
504 2489 599 2534 legit
622 2494 683 2525 vel.

312 2548 333 2580 2
357 2544 576 2581 Evanidum.

312 2606 333 2639 3
358 2601 529 2648 Spatium
561 2602 720 2647 quatuor
749 2603 828 2640 fere
852 2603 1072 2640 litterarum.
1122 2602 1325 2640 Iacobsius:
1360 2604 1518 2648 εὔφωνα
1544 2606 1678 2649 (τιφρὰ
1703 2611 1737 2640 et

197 2662 298 2695 sicuti
320 2660 379 2704 ἤθ.

312 2719 335 2751 4
359 2714 535 2760 Sequitur
560 2714 649 2751 Cod.
675 2716 804 2752 Ambr.
830 2728 866 2762 p.
886 2720 953 2753 233
979 2716 1164 2762 scriptura
1188 2717 1324 2762 fugaci.

313 2767 334 2807 5
358 2771 437 2806 [mo
462 2772 574 2818 paulo
598 2772 804 2818 posterius:
830 2773 874 2808 ef.
902 2772 951 2809 ad
974 2773 1023 2808 M.
1044 2772 1146 2809 Caes.
1174 2774 1201 2818 Ι,
1218 2776 1251 2808 8.

314 2831 334 2863 6
358 2828 417 2864 Ita
439 2840 552 2882 sensu
572 2831 705 2866 neutro
730 2829 845 2866 etiam
867 2830 907 2865 in
930 2830 1137 2877 penultima
1160 2829 1329 2868 Alsiensi.
1361 2833 1488 2868 Maius.
1530 2831 1603 2868 Pro
1628 2834 1736 2869 habeo

201 2884 325 2923 Codex
347 2897 404 2932 pr.
430 2897 478 2923 m.
506 2889 602 2923 abeo,
