1968 3158
265 180 346 221 192
545 178 593 213 Μ.
613 178 840 213 CORNELII
863 178 1141 214 FRONTONIS
1165 179 1507 216 EPISTULARUM

266 326 273 333 .
295 326 303 333 .
327 292 406 345 ..1¹
435 306 564 333 eram.
597 291 928 334 Demonstratus
955 294 1020 334 est
1046 292 1152 334 inihi
1181 293 1230 334 a2
1254 293 1390 336 doctis
1416 296 1458 336 et
1479 296 1660 337 multum
1683 295 1786 337 mihi

261 359 544 401 familiaribus
572 359 697 414 viris,
739 375 918 415 quorum
949 361 1061 416 apud
1091 352 1158 402 me
1189 361 1387 403 voluntas
1417 362 1606 417 ipsorum
1635 363 1789 405 merito

261 427 374 469 valet
403 427 647 482 plurimum.
708 427 862 483 Igitur,
896 428 931 470 si
961 443 1028 470 me
1059 443 1197 483 amas,
1229 430 1401 471 tantum
1430 429 1686 472 Volumni0³
1714 431 1790 472 tri-

261 495 342 536 bue
380 495 555 537 honoris
592 495 897 551 facultatisque
937 497 1151 538 amicitiae
1189 499 1289 541 tuae
1333 497 1698 552 complectendae:
1749 500 1790 542 οἱ

260 564 341 614 γὰρ
363 563 559 616 φίλτατοι
581 563 736 616 ἄνδρες
758 564 1095 606 conciliaverunt
1126 580 1222 606 eum
1242 565 1362 607 mihi.
1405 565 1547 620 Igitur
1567 568 1657 607 tam
1679 566 1789 607 comi

262 630 452 672 amicitia
474 631 658 686 accipias
680 631 821 686 velim,
854 647 982 687 quam
1012 633 1084 674 ille
1105 631 1440 691 Me[no]et[iadi]
1473 633 1645 675 volebat
1657 634 1686 688 4,
1710 639 1790 679 ζω-

260 698 440 750 ρότερον
472 701 519 741 δὲ
549 701 716 752 κέραιρε
747 714 875 755 quom
904 700 1160 755 imperabat.

687 847 798 890 VII.
860 846 1026 904 (Arrio
1056 845 1299 891 Antonino
1309 848 1362 904 5.)

371 936 494 980 Have
523 937 582 978 mi
613 937 783 979 domine
813 938 874 979 fili
906 938 1137 980 carissime.
1201 938 1323 980 Sicut
1355 953 1424 981 eos
1462 941 1535 995 qui
1573 940 1688 982 dicta
1726 940 1790 982 fa-

261 1007 412 1061 ctaque
441 1007 518 1047 tua
549 1005 889 1047 administranda
919 1006 1141 1061 provincia
1170 1007 1367 1048 maximis
1398 1007 1595 1050 laudibus
1625 1008 1786 1063 ferunt,

258 1074 396 1116 laetus
428 1089 478 1116 ac
507 1074 645 1115 libens
677 1074 815 1129 audio,
848 1074 910 1115 ita
941 1074 1073 1129 siquis
1095 1074 1197 1130 quid
1217 1078 1502 1117 remurmurat
1523 1078 1598 1118 aut
1616 1076 1789 1131 deprae-

241 1144 394 1196 „catur,
427 1142 562 1183 multo
594 1142 881 1197 scrupulosius
914 1142 1107 1184 ausculto
1117 1142 1147 1197 ⁶,
1181 1144 1226 1184 et
1247 1157 1329 1198 quo
1351 1143 1532 1199 quicque
1552 1144 1676 1185 modo
1697 1158 1790 1200 ges-

259 1211 364 1252 seris
395 1212 469 1251 aut
498 1209 751 1252 indicaveris
781 1210 964 1265 requiro,
997 1212 1046 1251 ut
1066 1210 1139 1265 qui
1170 1211 1477 1254 existimationi
1498 1213 1600 1254 tuae
1629 1212 1789 1254 famae—

258 1292 339 1333 que
370 1278 490 1319 iuxta
520 1292 648 1332 quam
685 1292 804 1319 meae
837 1278 1079 1320 consultum
1111 1279 1293 1333 cupiam.

371 1345 627 1388 Volumnius
659 1345 842 1388 Serenus
883 1345 1229 1401 Concordiensis,
1270 1346 1307 1388 si
1337 1347 1447 1388 nihil
1484 1348 1530 1389 in
1560 1348 1634 1403 iis,
1681 1362 1789 1403 quae

260 1414 369 1468 apud
396 1428 463 1455 me
486 1416 874 1455 commemorarunt
884 1414 912 1468 ⁷,
947 1428 1070 1456 verae
1092 1414 1207 1456 Υ6188
1229 1415 1365 1456 desit9
1387 1417 1462 1456 aut
1488 1408 1665 1470 addidit,
1698 1415 1789 1457 iure
1819 1469 1822 1471 -

258 1482 494 1536 meritoque
538 1483 684 1522 utetur
729 1495 797 1522 me
842 1482 955 1536 apud
998 1483 1041 1523 te
1085 1482 1153 1523 vel
1196 1484 1378 1537 patrono
1416 1483 1483 1524 vel
1526 1485 1787 1538 praecatore.

259 1549 417 1599 Quodsi
438 1549 551 1590 ultra
572 1549 780 1604 epistulae
800 1549 973 1591 modum
993 1549 1168 1591 videbor
1187 1564 1454 1606 progressus,
1487 1565 1536 1592 eo
1558 1550 1789 1606 evenietl¹0

373 1697 396 1720 a
420 1688 465 1720 In
489 1688 656 1730 margine:
681 1684 852 1729 Veritati‚
877 1696 987 1720 verae
1012 1684 1076 1720 rei.

258 1811 369 1857 pridii
398 1811 490 1846 loco.
540 1810 647 1845 Nunc
682 1810 850 1845 videmus
888 1821 972 1845 eum
996 1810 1108 1846 fuisse
1132 1809 1313 1846 Venetiae
1340 1811 1566 1856 praesidem3
1602 1811 1674 1846 nisi
1709 1811 1790 1856 quis

258 1868 401 1903 mavult
425 1867 470 1912 de
496 1866 702 1902 Concordia
726 1866 929 1912 Hispaniae
962 1867 1127 1912 cogitare
1153 1869 1218 1903 aut
1241 1867 1455 1903 Lusitaniae
1486 1869 1551 1903 aut
1580 1868 1789 1904 Nemetum.

259 1928 384 1960 Maius.
433 1925 545 1959 Plura
570 1923 670 1968 apud
693 1923 939 1958 Niebuhrium
962 1935 999 1968 p.
1026 1928 1102 1959 217.

376 1987 390 2016 1
417 1981 561 2015 Desunt
583 1979 622 2014 in
647 1979 781 2015 Codice
799 1980 893 2015 duae
917 1979 1096 2025 paginae3
1123 1981 1289 2026 sequitur
1312 1993 1349 2027 p.
1369 1984 1446 2026 2883
1471 1992 1566 2026 quae
1582 1983 1666 2018 tota
1682 1993 1790 2017 erasa

259 2039 331 2079 est;
355 2036 486 2082 incipit
511 2036 600 2071 Cod.
626 2049 663 2081 p.
690 2040 767 2072 287.
816 2037 948 2080 Itaque
972 2036 1086 2081 periit
1109 2037 1191 2072 finis
1217 2037 1415 2083 superioris
1441 2038 1634 2084 epistulae,
1660 2038 1790 2083 quinta

259 2093 429 2138 epistula,
455 2092 556 2127 cuius
581 2092 804 2137 particulam
822 2104 935 2138 supra
958 2092 1157 2128 habuimus
1182 2094 1220 2129 in
1245 2093 1342 2129 foliis
1366 2094 1415 2129 ad
1438 2094 1556 2139 Pium,
1581 2095 1619 2129 et
1642 2093 1789 2129 initium

257 2150 365 2184 huius
391 2149 528 2184 sextae.
579 2148 747 2184 Sumtam
773 2160 851 2184 esse
874 2148 1157 2194 inscriptionem
1182 2161 1265 2185 cum
1289 2150 1419 2196 primis
1443 2150 1567 2186 verbis
1593 2162 1637 2186 ex
1653 2149 1788 2192 Indice,

259 2206 427 2252 apparet.

372 2267 392 2298 2
416 2262 536 2298 Maius
561 2273 760 2308 perperam
782 2261 877 2307 legit
901 2266 957 2297 ad.

372 2324 392 2355 3
416 2319 588 2364 Intellige
617 2319 722 2354 illum
750 2318 1005 2362 Volumnium,
1042 2318 1087 2354 de
1117 2329 1189 2363 quo
1221 2319 1394 2355 scribitur
1426 2331 1583 2365 sequens
1616 2321 1785 2366 epistola.

259 2379 385 2411 Maius.
434 2375 584 2411 Dubito.
635 2378 848 2411 Niebuhrius.

371 2436 393 2467 4
418 2432 490 2467 Pro
515 2435 646 2468 volebat
672 2435 894 2469 Menoetiadz'.
944 2435 1069 2468 Maius.

372 2493 392 2524 5
416 2489 531 2524 Deest
553 2487 747 2534 inscriptio
770 2488 809 2522 in
835 2488 980 2533 Codice,
1004 2500 1073 2524 nec
1097 2489 1258 2535 spatium
1283 2491 1350 2526 est.
1385 2490 1440 2526 De
1458 2502 1568 2526 causa
1592 2502 1687 2536 quae
1712 2491 1788 2536 agi-

257 2547 319 2580 tur
343 2545 493 2581 omnino
519 2545 709 2581 adeundus
735 2548 791 2580 est
814 2545 1047 2581 Niebuhrius.

372 2606 392 2636 6
418 2601 505 2637 Cod.
531 2614 587 2647 pr.
614 2614 661 2636 m.
689 2607 866 2638 autscuzto.
917 2601 977 2637 Sic
1002 2603 1040 2637 et
1062 2602 1160 2638 infra
1183 2602 1222 2637 in
1245 2603 1394 2638 Arione.

373 2662 392 2693 7
418 2657 507 2693 Cod.
526 2667 823 2694 commemorarunt
845 2658 1028 2694 incertum
1053 2670 1100 2694 an
1124 2664 1423 2695 commemorarint.
1463 2660 1638 2695 Fortasse
1663 2661 1786 2706 legen-

260 2715 347 2749 dum
372 2716 446 2750 est:
473 2712 747 2753 commemoravit.

372 2774 393 2805 8
419 2770 508 2806 Cod.
534 2785 583 2807 re.

373 2831 393 2861 9
419 2826 496 2863 Sor.
523 2833 655 2864 demsz't.
702 2831 936 2873 Heindorfi'us.

352 2887 393 2918 10
416 2883 554 2929 Incipit
578 2885 666 2920 Cocl.
693 2897 728 2930 p.
757 2889 836 2920 290.
