1968 3158
439 179 504 215 AD
530 177 828 215 ANTONINUM
852 178 948 214 IMP.
975 177 1039 213 ΕΤ
1064 176 1268 213 INVICEM
1292 176 1436 212 LIBER
1461 177 1504 212 II.
1663 177 1743 218 109

203 325 1739 337 οοοοοοοοοοοοοοοοοοοοοοοοοοοοοοοοοοοο

203 363 357 405 ¹Artes
386 363 674 419 inperatoriae
703 363 864 405 honore
898 361 1093 420 [summo]
1134 361 1305 403 habitae
1335 394 1343 402 .
1379 393 1387 402 .
1421 360 1523 415 quid
1555 394 1563 402 .
1599 393 1607 402 .
1649 375 1742 415 spe-

196 432 298 474 rent
330 465 339 474 .
373 465 381 474 .
415 431 469 473 ab
511 430 617 490 [per]
661 465 670 474 .
705 465 712 474 .
746 430 827 473 tibi
864 432 944 472 nat
1059 430 1096 472 is
1136 464 1144 472 .
1180 464 1188 472 .
1228 429 1301 485 qui
1339 431 1434 471 tum
1473 462 1482 472 .
1516 462 1525 471 .
1564 443 1656 471 rem
1688 462 1697 471 .
1731 462 1740 471 .

199 499 356 542 omnia.
390 499 425 556 1²
454 499 521 542 Ne
557 499 652 556 agri
688 498 860 555 quidem
895 498 1036 541 forma
1072 498 1460 554 praetereunda2232
1498 501 1621 542 Mare
1656 511 1743 540 sae-

198 582 310 619 vum,
347 572 644 621 inportuosum:
691 581 791 620 aqer
821 569 991 620 sruyum
1026 568 1197 618 fertilis,
1234 570 1367 610 bonus
1389 570 1555 621 pecori,
1602 569 1747 608 arbori

197 639 469 688 infecundus:
498 640 614 679 caelo
645 642 838 688 terraque
858 639 1069 688 paenuria
1099 649 1314 688 aquarum.
1378 639 1511 677 Genus
1539 637 1744 677 hominum

198 708 358 748 salubri
383 719 570 758 corpore,
602 708 736 759 velox,
764 708 927 757 patiens
956 706 1122 747 laboris
1180 704 1294 746 Nec4
1318 707 1535 756 plerosque
1564 709 1745 746 senectus

199 776 394 826 dissolvit,
427 777 509 815 nisi
535 777 607 826 qui
629 775 751 824 serro
781 779 853 815 aut
883 775 1016 814 bestiis
1046 775 1250 814 interiere.
1304 774 1410 814 Nam
1440 774 1599 815 morbus
1629 774 1745 813 baud

198 854 322 894 saepe
350 841 495 894 quem⁵
523 848 694 895 superat
726 872 999 883 .......
1012 841 1029 866 ⁶
1059 854 1148 882 11011
1177 839 1318 882 inscii.

313 913 365 952 In
401 924 571 962 reqnum
609 914 788 952 animum
825 912 1011 952 intendit.
1060 912 1146 961 ipse
1177 922 1294 960 acer,
1343 911 1573 952 bellicosus:
1623 917 1666 952 at
1694 914 1741 960 is,

199 991 315 1031 quem
338 980 516 1031 petebat,
549 982 717 1033 quietus,
748 980 917 1030 inbellis,
945 980 1116 1030 placido
1146 981 1322 1029 inqenio,
1357 984 1611 1030 opportunus
1639 982 1743 1020 iniu-

199 1051 302 1095 riae,
332 1053 510 1089 metuens
539 1051 671 1099 maqis
700 1060 822 1099 quam
851 1045 1129 1088 metuendus.⁷
1162 1077 1308 1088 .....
1340 1047 1393 1087 In
1423 1050 1587 1088 consule
1605 1053 1744 1088 nostro

199 1118 352 1157 multae
382 1118 587 1168 bonaeque
624 1122 735 1158 artes
764 1114 827 1157 et⁸
859 1118 989 1157 animi
1022 1121 1062 1156 et
1089 1118 1278 1167 corporis
1306 1120 1447 1162 erant,
1486 1128 1588 1166 quas
1618 1118 1746 1156 omnis

200 1187 378 1226 avaritia
401 1187 724 1237 praepediebat:
759 1187 921 1236 patiens
950 1185 1147 1235 laborum,
1188 1186 1282 1225 acri
1309 1186 1483 1235 inqenio,
1521 1187 1623 1225 satis
1643 1196 1745 1235 pro-

200 1254 353 1300 videns,
386 1255 483 1294 belli
508 1255 624 1294 haud
651 1257 836 1304 iqnarus,
874 1255 1127 1303 firmissimus
1165 1258 1315 1294 contra
1342 1255 1534 1304 pericula
1573 1258 1612 1293 et
1647 1255 1743 1293 insi-

200 1319 316 1362 dias9
357 1352 367 1362 .
404 1354 411 1361 .
447 1354 456 1362 .
489 1319 644 1362 deinde
675 1334 724 1362 eo
765 1353 775 1363 .
811 1353 819 1363 .
855 1320 912 1363 {¹⁰
962 1323 1181 1363 Exercitus
1210 1324 1251 1362 ei
1277 1323 1300 1362 b
1330 1323 1508 1362 traditus
1538 1333 1564 1361 a
1592 1322 1745 1372 Spurio

199 1391 348 1432 Albino
374 1393 616 1442 proconsule
652 1393 782 1441 iners,
829 1392 986 1432 inbellis
1023 1403 1151 1442 neque
1181 1392 1363 1441 periculi
1396 1402 1525 1440 neque
1557 1391 1744 1430 laborum

196 1462 371 1510 patiens,
403 1462 546 1510 linqua
576 1452 707 1510 quam
726 1471 852 1501 manu
867 1462 1084 1511 promtior,
1112 1461 1343 1510 praedator
1362 1470 1416 1499 ex
1435 1460 1567 1508 sociis,
1600 1463 1640 1498 et
1660 1460 1745 1509 ipse

193 1530 361 1579 praeda
390 1529 585 1579 hostium,
618 1531 706 1569 sine
734 1531 904 1580 imperio
927 1526 979 1583 111
1009 1533 1048 1568 et
1076 1529 1272 1568 modestia
1301 1528 1473 1567 babitus.
1523 1528 1592 1567 Ita
1622 1528 1744 1579 impe-

199 1598 334 1637 ratori
361 1608 464 1637 novo
485 1598 585 1648 plus
613 1608 667 1636 ex
696 1599 813 1637 malis
841 1598 1019 1638 moribus
1046 1597 1344 1645 sollicitudinis,
1385 1607 1505 1645 quam
1540 1607 1594 1635 ex
1623 1597 1745 1645 copia

201 1667 370 1708 militum
401 1667 554 1706 auxilii
580 1670 654 1706 aut
683 1666 813 1706 bonae
840 1668 930 1717 spei
955 1666 1187 1705 accedebat.
1203 1661 1237 1688 ¹²
1255 1664 1441 1703 —Nam
1462 1664 1630 1704 Albinus
1650 1664 1747 1703 Auli

196 1733 353 1782 fratris
388 1736 672 1784 exercitusque
706 1736 826 1774 clade
857 1736 1109 1784 perculsus,
1128 1738 1349 1785 postquam
1389 1734 1628 1773 decreverat
1663 1743 1744 1772 non

200 1804 345 1852 eqredi
363 1804 603 1853 provincia,
651 1808 846 1853 quantum
875 1804 1067 1854 temporis
1095 1803 1340 1842 aestivorum
1379 1802 1422 1841 in
1451 1802 1621 1852 imperio
1645 1800 1742 1848 fuit,

316 1913 340 1938 a
362 1904 409 1937 In
431 1906 600 1948 margine:
625 1902 720 1948 Agri
743 1903 874 1939 forma.

314 1959 339 1994 b
364 1961 410 1994 In
432 1963 602 2004 margine:
626 1959 764 1996 Forma
789 1959 956 2006 corrupti
980 1958 1172 1995 exercitus.

317 2055 335 2086 1
361 2050 538 2096 Sequitur
566 2051 716 2096 lacuna,
747 2053 789 2086 ub
812 2051 977 2096 videtur,
1007 2051 1233 2097 paginarum
1264 2050 1434 2095 quatuor.
1478 2049 1628 2096 ,Incipit
1652 2049 1740 2085 Cod.

201 2108 329 2144 Ambr.
355 2120 392 2154 p.
411 2112 466 2153 82,
492 2119 588 2152 quae
611 2108 689 2154 legi
712 2109 853 2154 nequit.

315 2169 336 2201 2
359 2165 496 2211 Incipit
520 2164 609 2200 Cod.
635 2165 764 2201 Ambr.
790 2178 827 2212 p.
846 2169 902 2211 81,
927 2166 1097 2202 obscura.
1148 2165 1274 2201 Codex
1297 2177 1353 2211 pr.
1380 2176 1429 2200 m.
1455 2169 1562 2211 agr-ei.

316 2227 337 2259 3
363 2221 510 2258 Sallust.
537 2222 705 2268 Iugurth.
734 2234 764 2258 c.
785 2227 837 2259 17.
863 2227 919 2259 20.
944 2227 999 2259 28.
1025 2227 1082 2258 44.

315 2282 338 2314 4
361 2278 491 2314 Malim
515 2290 622 2315 sane:
647 2282 811 2315 laborum.
861 2283 916 2315 Ac
937 2285 1027 2326 pler.
1082 2279 1193 2326 Apud
1218 2279 1435 2315 Sallustium
1459 2293 1521 2314 nec
1545 2278 1660 2314 deest.

318 2339 339 2372 5
363 2336 421 2372 Ita
446 2335 571 2372 Codex
593 2347 663 2382 pro
689 2350 885 2383 quemquam
909 2337 947 2373 et
971 2337 1044 2372 duo
1069 2337 1264 2383 superiora
1286 2337 1405 2372 verba
1429 2335 1597 2372 evanida.

315 2396 336 2428 6
362 2393 455 2428 Tres
478 2404 607 2428 versus
631 2393 911 2430 interciderunt.

317 2453 336 2484 ‘1
361 2449 511 2484 Excidit
533 2461 662 2486 versus
686 2461 780 2485 unus
805 2451 844 2486 et
868 2450 1054 2486 dimidius.

317 2510 339 2542 8
363 2506 422 2541 Ita
447 2506 531 2541 add.
558 2506 597 2541 in
622 2506 710 2542 Cod

317 2567 338 2598 9
364 2561 452 2598 Cod.
477 2562 578 2598 Maio
602 2562 800 2598 videbatur
824 2567 979 2600 invidias.
1029 2564 1126 2599 Tum
1150 2574 1334 2600 evanuere
1359 2564 1521 2609 quatuor
1544 2563 1705 2599 litfierae.

295 2623 339 2655 10
363 2619 456 2655 Tres
479 2618 628 2655 litterae
653 2619 844 2656 evanidae
886 2621 998 2667 Apud
1014 2620 1231 2657 Sallustium
1256 2621 1394 2697 legitur
1412 2624 1561 2656 traditur
1586 2621 1624 2655 et
1647 2624 1741 2656 labo

202 2691 276 2712 rum
296 2680 446 2722 patiens,
470 2687 546 2712 non
570 2679 711 2713 laboris.
746 2709 750 2714 .

295 2737 336 2769 11
362 2732 497 2779 Incipit
521 2732 610 2769 cod.
636 2733 765 2769 Ambr.
791 2746 827 2779 p.
842 2737 903 2778 95,
935 2734 1137 2770 admodum
1162 2735 1336 2779 obseura,
1369 2746 1482 2780 quam
1506 2735 1633 2770 tamen
1658 2746 1742 2770 eon-

203 2791 291 2825 tunt
316 2790 456 2826 amicus
480 2802 598 2836 usque
623 2790 688 2826 ad:
712 2798 895 2836 postremo.

242 2876 246 2879 ,
297 2851 338 2882 12
363 2847 497 2882 Omisit
519 2847 641 2882 Maius
666 2859 762 2892 quae
787 2848 992 2893 sequuntur
1016 2809 1496 2885 litteras:FDoe1NIS·et
1521 2860 1591 2894 ego
1616 2849 1740 2884 neseio

205 2903 296 2949 quid
319 2905 390 2939 hoo
415 2904 474 2939 sit.
