1968 3158
688 184 754 220 AD
779 183 957 220 AMIOOS
980 183 1126 221 LIBER
1152 184 1176 220 1.
1625 184 1708 227 175

409 354 508 398 111.
570 355 750 399 Fronto
781 343 1003 400 Lolliano
1035 354 1204 400 Avito¹
1238 352 1473 399 Salutem.

280 445 537 488 Montanum
579 446 835 501 Licinium-'¹3
881 446 944 488 ita
981 450 1025 489 te
1065 446 1262 488 reducem
1295 445 1576 501 complectar,
1623 460 1707 502 quo

164 513 440 570 iureiurando
470 529 565 556 mea
595 516 753 570 tuaque
782 513 897 556 salus
919 528 1053 570 aeque
1086 515 1355 569 continetur3
1387 514 1448 556 sic
1479 513 1626 569 diligo,
1660 516 1707 556 ut

164 596 254 625 non
293 584 454 625 temere
491 596 747 639 quemquam
792 596 959 637 eorum,
1007 583 1202 638 quiscum
1245 582 1350 624 mihi
1399 581 1575 637 hospitii
1612 582 1706 624 iura

165 652 289 705 sunt,
330 649 538 693 Montano
576 664 670 693 meo
723 652 998 705 anteponam.
1060 650 1478 706 Quotienscumque²
1524 649 1704 692 Romam

167 718 297 773 venit,
330 719 376 761 in
406 733 500 760 meo
531 718 839 761 contubernio3
867 718 966 773 fuit,
999 719 1106 761 meis
1140 718 1316 760 aedibus
1339 718 1467 760 usus⁴
1500 720 1586 760 est:
1618 733 1704 760 una

163 786 287 828 nobis
318 800 467 828 mensa
497 800 684 842 semper:
735 788 951 841 postremo
988 787 1180 829 omnium
1218 801 1355 842 paene
1393 800 1535 828 rerum
1567 786 1703 828 consi-

162 853 400 910 liorumque
432 854 762 897 communicatio
792 856 836 896 et
866 854 1049 897 societas
1078 854 1176 897 fuit.
1220 854 1335 897 Huic
1366 857 1538 896 tantum
1569 855 1699 896 hono-

163 935 254 964 rem
290 922 440 965 haberi
477 938 502 965 a
531 924 575 965 te
619 922 768 977 velim,
816 925 1027 978 quantum
1063 924 1138 965 tuo
1177 922 1365 979 hospiti⁵
1404 922 1702 965 contubernali

164 989 381 1032 consiliari
421 990 634 1033 tributum
666 1024 1071 1034 ..........
1105 990 1206 1032 ⁶1:110
1247 990 1500 1046 postulares.
1562 990 1701 1032 Bona-

162 1072 258 1100 rum
288 1059 471 1101 artium⁷
503 1061 690 1101 sectator
721 1060 788 1100 est
817 1059 964 1101 meusS
994 1058 1254 1113 Montanus,
1294 1060 1387 1100 tum
1424 1058 1622 1100 doctrina
1659 1061 1702 1100 et

162 1125 365 1169 facundia
401 1129 467 1169 est
505 1127 710 1183 eleganti.
771 1126 868 1169 Etsi
909 1126 1050 1169 sentio
1080 1141 1150 1168 me
1181 1140 1275 1168 meo
1307 1126 1489 1168 artificio
1520 1126 1701 1168 nimium

161 1194 333 1238 favereb
363 1195 415 1250 ei,
448 1196 560 1251 quod
590 1195 682 1252 ipse
712 1194 821 1237 nihil
857 1228 1176 1237 ........
1192 1195 1208 1221 ‘³
1241 1194 1512 1250 eloquentiae
1534 1197 1702 1236 antetu-

161 1262 262 1305 lerit
301 1295 1699 1306 ................................

163 1364 574 1374 ..........
610 1332 663 1388 1¹⁰
688 1365 696 1372 .
723 1364 733 1374 .
760 1365 768 1373 .
813 1332 935 1387 Aput
964 1346 1032 1373 me
1064 1331 1412 1386 antiquissimum
1443 1331 1583 1373 locum
1613 1331 1702 1372 lau-

161 1399 225 1442 dis
255 1399 500 1456 eloquentia
529 1399 732 1458 possidet.
794 1399 926 1457 (Laus
957 1399 1262 1455 Eloquentiae)
1288 1433 1296 1441 .
1333 1433 1342 1441 .
1378 1433 1387 1441 .
1423 1433 1431 1442 .
1493 1399 1558 1441 Ex
1590 1414 1702 1441 sum-

160 1467 242 1509 mis
280 1467 572 1523 'benignitatis
617 1462 771 1523 opibus
817 1468 996 1510 tribuas.
1067 1467 1190 1509 Nihil
1228 1467 1464 1523 postulavit
1502 1481 1579 1522 pro
1624 1482 1701 1508 sua

161 1535 439 1591 verecundia,
479 1536 564 1578 nisi
601 1536 715 1591 quod
752 1535 934 1591 probum
970 1535 1283 1591 honestumque
1325 1536 1383 1577 sit
1413 1537 1457 1577 et
1486 1535 1566 1576 tibi
1596 1535 1699 1576 datu

160 1603 822 1659 etsibipostulatu.......
1289 1602 1698 1646 .........¹¹

274 1763 297 1786 a
322 1753 365 1786 In
388 1754 558 1797 margine:
584 1750 639 1786 De
665 1751 841 1788 amicitia.

271 1808 296 1843 b
327 1811 370 1844 In
393 1811 561 1854 margine:
598 1807 726 1843 Sentio
751 1818 811 1843 me
835 1820 883 1843 m.
911 1819 944 1843 a.
972 1820 1006 1843 n.
1034 1808 1171 1844 favere.

275 1937 291 1967 l
318 1932 467 1968 Consuli
491 1943 588 1968 anno
618 1934 706 1978 post
729 1933 974 1976 Frontonem,
1004 1932 1061 1967 Pii
1086 1932 1305 1978 imperantis
1337 1931 1510 1977 septimo.
1560 1934 1604 1968 cf.
1632 1932 1698 1969 Ca-

158 1989 262 2035 pitol.
295 1989 333 2024 in
369 1989 552 2025 Pertinac.
586 2002 616 2025 c.
644 1994 674 2025 1.
723 1990 867 2036 Apulei.
903 1989 1061 2035 Apolog.
1088 1988 1231 2034 Digest.
1258 1989 1322 2024 lib.
1349 1989 1392 2023 II.
1420 1993 1451 2023 3.
1502 1988 1587 2024 Fuit
1611 2001 1694 2035 pro-

159 2046 285 2081 consul
307 2047 456 2082 Africae
481 2047 520 2082 et
542 2057 694 2092 praeses
719 2046 930 2092 Bithyniae.
983 2049 1110 2082 Maius.

272 2107 293 2138 2
319 2102 407 2138 Cod.
434 2115 490 2149 pr.
517 2115 565 2138 m.
619 2106 956 2149 Quotiensqnomque.

271 2164 292 2195 3
317 2159 405 2195 Cod.
424 2172 480 2206 pr.
499 2172 547 2195 m.
567 2163 790 2196 contibernio.
823 2162 1080 2196 contubernium
1096 2170 1166 2206 pro
1183 2162 1351 2205 hospitio,-
1367 2159 1441 2196 vid.
1457 2159 1694 2195 Niebuhrius.

269 2220 291 2251 4
315 2216 374 2251 Ita
398 2216 539 2260 Codex3
563 2216 684 2252 Maius
708 2217 803 2262 legit
826 2230 865 2252 us
889 2227 958 2262 pro
982 2230 1072 2251 usus.

270 2276 292 2308 5
315 2273 374 2309 Ita
397 2273 545 2309 videtur
567 2273 644 2318 legi
666 2273 706 2308 in
731 2273 877 2317 Codice,
901 2273 967 2309 sed
991 2285 1050 2309 res
1074 2273 1220 2309 incerta
1244 2274 1310 2308 est.

98 2359 102 2363 .
270 2332 292 2363 6
314 2329 399 2364 Non
429 2329 519 2365 satis
550 2331 744 2365 accuratus
772 2330 845 2365 fuit
873 2330 993 2366 Maius
1023 2331 1061 2365 in
1085 2330 1156 2365 hoc
1179 2330 1262 2366 loco
1288 2330 1495 2366 referendo.
1546 2329 1695 2365 Amicus

157 2385 250 2420 haec
273 2385 391 2421 vidit:
424 2390 598 2422 consiliari
621 2386 926 2422 IRIBUTUUJCR
944 2415 951 2422 .
970 2388 1002 2422 A
1022 2415 1127 2431 .....
1158 2380 1239 2422 tum
1269 2387 1345 2432 legi
1378 2388 1567 2431 nequeunt
1599 2388 1694 2422 duae

157 2440 304 2477 litterae
329 2443 368 2477 et
391 2453 484 2477 unus
507 2453 645 2478 verene.
693 2442 809 2478 Facili
838 2444 990 2489 negotio
1023 2443 1150 2479 omnia
1174 2444 1226 2479 sic
1250 2443 1499 2488 suppleveris:
1537 2446 1694 2478 tributum

157 2505 298 2542 optares
321 2496 374 2533 vel
394 2503 511 2544 potius
533 2511 656 2534 summo
680 2503 754 2535 iure
778 2506 835 2536 tuo
859 2505 1078 2545 postulares:

271 2558 291 2591 7
315 2554 425 2590 Haud
449 2555 540 2591 satis
565 2556 707 2590 certum
732 2555 803 2591 hoc
827 2557 1051 2592 vocabulum
1078 2558 1145 2592 est.

271 2614 293 2646 8
317 2611 376 2647 Ita
400 2611 535 2648 Codex.

269 2672 291 2704 9
313 2667 494 2705 Excidete
519 2669 604 2704 octo
628 2668 789 2705 litterae.
838 2670 896 2704 An
922 2672 1118 2715 hueusque?

249 2729 291 2760 10
316 2724 491 2771 Sequitur
527 2725 616 2762 Cod.
647 2737 683 2771 p.
710 2730 793 2770 335,
834 2726 873 2761 in
909 2737 983 2770 qua
1018 2726 1110 2761 nihil
1145 2724 1386 2771 distinguitur
1415 2726 1567 2771 praeter
1600 2726 1692 2762 duas

157 2781 362 2818 sententias
386 2781 425 2817 in
449 2782 618 2828 margine
643 2783 683 2818 et
705 2783 743 2817 in
767 2783 873 2818 textu
897 2782 962 2818 illa
988 2782 1121 2819 verba:
1148 2785 1210 2818 Ex
1232 2786 1364 2818 summis
1390 2802 1431 2807 —
1458 2785 1599 2822 tribuas.

249 2843 288 2874 11
315 2838 490 2884 Sequitur
514 2851 549 2885 p.
576 2843 643 2876 334
666 2841 749 2875 tota
772 2839 930 2876 evanida
952 2840 1104 2886 praeter
1129 2839 1354 2875 sententiam
1375 2838 1415 2875 in
1439 2838 1618 2887 margine.
1647 2861 1690 2865 —

155 2893 298 2931 Eadem
322 2896 496 2932 dicuntur
520 2896 568 2932 ad
591 2896 734 2932 Verum
759 2897 850 2942 Imp.
879 2908 936 2942 ep.
964 2896 1008 2940 Π,
1035 2901 1064 2932 7.
