1968 3158
278 181 361 223 228
739 180 786 214 Μ.
815 178 1039 214 CORNELII
1066 179 1342 215 FRONTONIS

392 293 556 335 Vellem
597 294 739 333 autem
777 294 946 334 tantum
985 293 1091 334 mihi
1129 293 1288 348 vigoris
1328 295 1402 334 aut
1443 293 1571 335 studii
1615 294 1800 348 adesse-¹,

279 363 488 416 quantum
527 359 679 414 adfuit,
720 374 815 401 cum
853 360 927 402 illa
965 361 1066 402 olim
1111 352 1289 416 nugalia
1334 361 1590 415 conscribsi,
1634 361 1803 403 laudem

279 430 385 470 fumi
417 431 459 470 et
488 428 689 484 pulveris.
750 428 816 470 Ne
847 443 926 484 ego
958 428 1103 471 Somni
1141 428 1311 470 laudem
1350 443 1400 470 ex
1439 429 1615 470 summis
1652 429 1802 484 opibus

279 496 637 552 conscripsissem.

390 564 518 606 Nunc
549 579 735 619 quoque,
769 564 805 606 si
834 564 915 606 tibi
944 564 1137 606 fabulam
1165 564 1338 607 brevem
1367 564 1520 606 libenti
1550 566 1615 606 est
1642 565 1801 619 audire,

279 632 389 674 audi.

391 700 559 742 aIovem
596 702 765 755 patrem
803 700 969 754 ferunt,
1019 715 1114 742 cum
1158 715 1225 742 res
1262 700 1473 742 humanas
1511 715 1536 741 a
1573 700 1804 755 primordio

279 768 502 822 conderet,
543 782 693 809 aevum
730 768 797 809 vi2
840 767 1028 809 medium
1064 782 1150 810 uno
1192 768 1282 809 ictu
1317 782 1565 822 percussum
1608 768 1655 809 in
1699 768 1804 810 duas

277 836 412 891 partis
443 835 631 890 undique
661 836 777 890 paris
808 834 1033 876 diffidisse:
1072 838 1239 890 partem
1275 835 1454 877 alteram
1483 835 1590 889 luce,
1624 835 1801 877 alteram

276 904 466 945 tenebris
498 903 706 957 amicisse,
740 903 852 944 diem
882 904 1134 958 noctemque
1166 903 1403 958 appellasse
1432 903 1632 958 noctique
1653 904 1800 957 otium,

278 971 361 1013 diei
392 971 615 1026 negotium
643 970 884 1012 tradidisse.
927 970 1036 1012 Tum
1067 985 1239 1012 somnus
1270 971 1452 1012 necdum
1481 972 1609 1012 natus
1640 973 1732 1012 erat
1761 973 1804 1012 et

279 1053 426 1080 omnes
457 1038 686 1094 pervigiles
717 1039 901 1079 aetatem
932 1038 1141 1093 agebant3
1180 1038 1253 1080 sed
1291 1038 1409 1093 quies
1446 1040 1659 1080 nocturna
1696 1038 1803 1094 vigi-

275 1106 466 1153 lantibus
504 1120 581 1160 pro
612 1120 760 1147 somno
800 1106 939 1147 adhuc
979 1106 1114 1162 l3erat
1143 1106 1428 1161 promulgata.
1489 1105 1705 1147 Paulatim
1734 1106 1802 1147 de-

274 1174 389 1227 inde,
422 1175 471 1214 ut
501 1175 602 1215 sunt
630 1174 809 1228 ingenia
839 1173 1060 1215 hominum
1097 1174 1291 1228 inquieta
1321 1174 1389 1214 et4
1421 1174 1615 1229 agitandi
1646 1188 1695 1215 ac
1715 1175 1802 1215 tur-

275 1241 406 1283 bandi
438 1241 604 1295 cupida,
636 1243 785 1282 noctes
816 1241 988 1296 diesque
1018 1241 1204 1296 negotiis
1234 1242 1504 1295 exercebant,
1536 1241 1686 1282 horam
1715 1242 1803 1283 otio

274 1309 438 1350 nullam
474 1308 754 1363 inpertibant.
816 1308 925 1350 Tum
963 1308 1107 1350 Iovem
1142 1308 1309 1362 ferunt,
1356 1308 1430 1350 ubi
1466 1309 1551 1350 iam
1581 1309 1722 1365 iurgia
1760 1311 1804 1351 et

274 1377 518 1418 vadimonia
562 1378 775 1417 nocturna
812 1376 906 1417 sisti
944 1378 988 1418 et
1030 1377 1178 1417 noctes
1223 1389 1388 1430 quoque
1435 1376 1801 1431 comperendinari

274 1444 417 1485 videat
430 1444 458 1497 ⁵,
507 1458 603 1484 cum
634 1443 757 1484 corde
789 1457 864 1484 suo
895 1443 1083 1498 agitasse
1121 1444 1172 1484 de
1216 1443 1303 1484 suis
1342 1443 1557 1498 germanis
1594 1444 1801 1486 fratribus

274 1526 408 1558 unum
438 1511 685 1566 praeficere,
718 1511 791 1566 qui
820 1511 939 1552 nocti
970 1513 1097 1565 atque
1127 1511 1214 1552 otio
1244 1510 1466 1552 hominum
1498 1514 1679 1553 curaret.
1717 1511 1801 1553 Ne-

273 1581 456 1634 ptunum
500 1579 658 1620 multas
704 1580 747 1620 et
791 1592 944 1634 graves
991 1593 1112 1620 curas
1159 1580 1409 1621 maritumas
1457 1581 1699 1634 causatum,
1746 1593 1801 1621 ne

274 1647 427 1688 fluctus
474 1648 611 1688 terras
649 1648 763 1687 totas
804 1661 899 1688 cum
938 1646 1154 1688 montibus
1194 1647 1443 1701 obruerent,
1489 1661 1596 1688 neve
1633 1647 1802 1688 motus6

274 1715 390 1756 venti
441 1716 596 1756 cuncta
633 1714 829 1755 funditus
867 1714 1170 1769 percellerent,
1216 1714 1343 1756 silvas
1388 1716 1431 1755 et
1467 1716 1559 1755 sata
1596 1714 1800 1756 radicitus

273 1782 510 1823 haurirent.
571 1781 718 1823 Ditem
768 1796 933 1836 quoque
982 1783 1150 1837 patrem
1196 1783 1438 1836 causatum,
1491 1782 1627 1823 multa
1670 1796 1799 1837 opera

272 1850 490 1904 multaque
522 1864 622 1891 cura
653 1849 813 1904 templa
842 1849 984 1891 infera
1015 1864 1143 1905 aegre
1182 1849 1387 1903 coerceri,
1421 1849 1617 1891 amnibus
1655 1851 1697 1891 et
1725 1865 1798 1904 pa—

272 1917 468 1958 ludibus⁷
517 1919 559 1958 et
603 1917 771 1972 stagnis
808 1916 970 1972 Stygiis
1007 1917 1301 1958 Acheruntem
1339 1931 1466 1972 aegre
1506 1918 1798 1972 commoeniri3

274 1999 425 2026 canem
456 1984 638 2039 denique
671 1984 888 2026 custodem
919 1985 1165 2039 apposuisse
1195 1985 1356 2026 umbris
1386 1985 1650 2039 territandis,
1691 1999 1798 2040 quae

274 2052 479 2106 aufugere
511 2051 564 2092 ad
594 2065 769 2105 superos
801 2054 1020 2106 cuperent,
1054 2052 1174 2107 eique
1207 2052 1303 2099 cani
1333 2053 1471 2094 trinas
1492 2053 1678 2094 latrandi
1706 2053 1797 2094 fau-

274 2133 341 2160 ces
373 2133 423 2160 ac
451 2119 588 2159 trinos
619 2119 762 2160 hiatus
791 2119 1038 2174 trinasque8
1070 2120 1262 2160 dentium
1290 2120 1541 2161 formidines
1572 2120 1794 2161 addidisse.

385 2297 407 2322 a
431 2289 476 2322 In
499 2290 666 2331 margine:
697 2264 844 2322 Fabula
864 2287 910 2322 de
934 2286 1081 2323 Somno.

385 2426 403 2457 1
430 2421 602 2457 Orellius:
633 2425 779 2457 adesset.

383 2482 403 2513 2
428 2479 486 2513 An
509 2482 622 2513 vitae?
670 2480 903 2522 Heindorfius.
952 2478 1108 2513 Orellius
1139 2492 1253 2514 aevum
1278 2493 1393 2515 novum
1416 2484 1566 2515 medium.

383 2540 403 2571 3
427 2534 561 2579 Incipit
597 2533 685 2570 Cod.
716 2546 751 2579 p.
778 2538 855 2570 219.
906 2534 1077 2570 Ceterum
1100 2535 1219 2570 Maius
1255 2536 1370 2571 habet
1402 2539 1530 2580 fuerat,
1568 2536 1632 2571 sed
1669 2536 1791 2571 Codex

282 2590 381 2626 xIUC
406 2598 498 2634 erat,
523 2590 619 2625 unde
645 2591 768 2625 effinxi
793 2594 913 2629 adhue.

381 2651 403 2681 4
428 2646 508 2681 Om.
533 2645 663 2681 Maius.

382 2706 402 2737 5
427 2703 503 2737 Aut
525 2707 617 2738 videt
639 2703 916 2739 rescribendum
942 2705 1007 2739 aut
1030 2708 1171 2740 videret.
1221 2709 1452 2750 Heindorfius.

382 2762 401 2792 6
426 2758 484 2793 Ita
508 2758 632 2794 Codex
654 2759 802 2794 videtur
824 2760 974 2795 habere.
1022 2760 1158 2795 Maius:
1182 2765 1272 2796 moti.

383 2817 401 2847 7
428 2813 567 2849 Codex:
591 2817 780 2859 plaudibus.

382 2871 402 2903 8
428 2868 567 2904 Codex:
591 2875 761 2916 trinaque.
