1968 3158
363 166 428 202 AD
452 165 624 202 VERUM
649 166 810 202 IMPER.
839 165 1091 202 AURELIUM
1116 164 1374 201 CAESAREM
1399 165 1544 201 LIBER
1568 166 1612 200 II.
1679 166 1754 208 121

216 283 283 325 ter
320 280 622 337 respondisti&
683 280 858 324 Scilicet
895 281 977 324 hoc
1012 283 1056 323 te
1088 295 1113 323 a
1144 280 1470 324 centurionibus
1508 280 1575 323 vel
1613 281 1759 336 primi-

214 349 422 406 pilaribus
467 349 800 405 elegantissimis
850 349 1178 392 altercatoribus
1232 348 1463 392 didicisse?
1537 348 1760 392 Dausara²

215 420 259 462 et
285 417 604 474 Nicephorum-⁹1
635 422 687 478 et*
701 419 912 461 Artaxata
935 418 1066 460 ductu
1088 418 1362 474 auspicioque
1381 420 1459 460 tuo
1480 419 1610 460 armis
1633 420 1760 474 capta

216 489 338 530 sunt:
389 487 462 529 sed
509 501 652 530 arcem
690 487 904 529 munitam
941 488 985 528 et
1023 486 1233 528 invictam
1272 488 1315 528 et
1358 486 1757 542 inexpugnabilem,

215 570 324 612 quae
354 555 401 598 in
430 555 580 598 fratris
610 555 675 598 tui
696 558 871 611 pectore
891 554 976 596 sita
998 556 1077 609 est,
1111 554 1165 596 ad
1186 568 1344 596 nomen
1366 554 1616 605 Armeniaci
1647 555 1760 611 quod

216 624 515 667 recusaverat⁴
553 623 828 678 sumendum,
862 623 957 678 quis
989 623 1098 665 alius
1129 637 1256 678 quam
1286 625 1348 678 tu,
1382 626 1457 665 aut
1482 624 1635 679 quibus
1666 623 1760 666 aliis

214 694 265 735 tu
301 706 430 748 quam
466 692 735 748 eloquentiae
775 691 908 746 copiis
955 691 1129 732 adortus
1167 691 1271 733 es5‘?
1331 690 1541 734 Comitem
1585 692 1667 734 tibi
1707 691 1759 734 ad

215 760 538 816 impetrandum
576 760 750 802 adscisti
789 759 1045 814 exercitum,
1086 760 1159 801 sed
1196 759 1443 815 loquentem
1483 761 1758 816 exercitumss,

215 828 411 891 oratione
447 830 733 885 pugnantem.
794 828 848 870 In
887 842 937 870 ea
967 829 1016 870 tu
1052 830 1176 883 parte
1205 827 1450 870 litterarum
1478 831 1672 884 tuarum,
1712 831 1761 872 ut
1831 871 1834 874 ,

215 897 397 940 fratrem
427 898 648 939 amantem
678 896 835 951 decuit,
869 895 1097 938 sententiis
1127 895 1268 952 magis
1286 897 1459 949 >crebris
1491 900 1534 939 et
1564 897 1759 940 dulcibus

216 980 317 1008 usus
348 979 415 1020 es,
449 967 492 1008 et
522 961 645 1008 versa
674 965 968 1007 modulatione
1000 963 1240 1006 collocasti:
1285 979 1395 1020 quae
1428 979 1524 1007 cum
1554 965 1758 1022 legerem,

216 1034 263 1077 in
293 1036 447 1077 senatu
479 1034 595 1076 enim
625 1048 702 1089 per
731 1033 1023 1076 valetudinem
1054 1047 1142 1074 non
1173 1033 1294 1088 potui
1326 1033 1494 1088 adesse,
1543 1048 1639 1076 cum
1677 1034 1760 1076 elo-

217 1103 394 1159 quentia
422 1105 499 1145 tua
527 1102 710 1144 fratrem
741 1104 863 1144 tuum
894 1101 1039 1158 urgeri
1069 1101 1273 1156 viderem,
1306 1101 1370 1144 ita
1401 1116 1499 1143 eum
1519 1102 1664 1144 tacitis
1694 1117 1760 1145 co-

217 1171 503 1228 gitationibus
532 1171 640 1213 meis
672 1170 1004 1226 compellabam:
1044 1168 1155 1219 Quid
1185 1169 1267 1212 hoc
1297 1169 1360 1212 rei
1392 1172 1470 1225 est,
1504 1170 1761 1213 Antonine?

216 1255 320 1282 nam
349 1239 441 1293 tibi*
461 1239 584 1282 video
614 1253 773 1282 nomen
811 1239 924 1294 quod
962 1252 1239 1281 recusaveras
1278 1238 1415 1294 accil⁷
1424 1238 1632 1293 piendum
1669 1254 1760 1282 esse

217 1311 261 1351 et
290 1308 368 1351 de⁸
399 1308 617 1350 sententia
656 1307 961 1350 decedendum.
1023 1306 1134 1357 Quid
1173 1321 1292 1349 nunc
1323 1320 1458 1362 meae,
1491 1307 1593 1363 quid
1624 1307 1760 1363 philo-

218 1376 450 1433 sophorum
480 1376 653 1418 litterae
685 1376 855 1432 agunt?
913 1375 1092 1418 Litteris
1123 1374 1274 1417 militis
1304 1375 1532 1418 vincimur.
1593 1375 1761 1431 Ecquid

218 1447 363 1488 autem
392 1444 570 1501 pulchre
601 1445 822 1500 scripsisse
854 1443 1052 1487 videtur?
1107 1443 1324 1499 numquod
1361 1443 1540 1491 verbum
1570 1444 1760 1487 insolens

151 1522 154 1525 “
219 1516 294 1556 aut
323 1512 709 1569 intempestivum?
746 1515 821 1555 aut
850 1527 955 1555 num
985 1526 1065 1568 ego
1095 1511 1174 1554 tibi
1207 1511 1356 1554 videor
1386 1512 1621 1567 gloriosum
1650 1512 1760 1554 mili-

217 1584 306 1625 tem
352 1574 573 1625 ersidisse‘?
632 1580 767 1636 Quin,
815 1581 927 1637 quod
963 1580 1074 1622 votis
1112 1581 1311 1623 omnibus
1357 1580 1580 1635 expetisti,
1627 1580 1760 1623 habes

217 1651 399 1705 fratrem
427 1649 607 1704 fortem,
650 1650 790 1692 virum
818 1649 980 1691 bonum
1011 1648 1181 1691 dicendi
1210 1649 1417 1704 peritum:
1465 1649 1614 1690 eadem
1646 1649 1761 1691 enim

219 1719 350 1761 dicit⁹
380 1718 453 1760 ille
483 1732 592 1774 quae
622 1720 692 1773 tn,
726 1718 800 1760 sed
831 1732 881 1759 ea
910 1717 1054 1759 minus
1082 1717 1228 1759 multis
1256 1717 1329 1759 ille
1350 1731 1480 1772 quam
1500 1718 1562 1758 tu.
1605 1716 1760 1766 Qum¹⁰

217 1787 404 1830 maxime
434 1786 541 1830 haec
572 1801 653 1843 ego
683 1799 851 1828 mecum
882 1785 1126 1841 agitabam,
1169 1800 1270 1841 qum
1307 1785 1494 1827 orationi
1530 1789 1630 1827 tuae
1668 1800 1760 1827 suc-

221 1855 349 1898 cessit
379 1854 595 1898 Antonini
625 1855 783 1909 oratio,
817 1853 860 1896 di
891 1853 1017 1896 boni!
1050 1868 1177 1909 quam
1209 1852 1410 1908 pulchra!
1456 1867 1585 1909 quam
1615 1853 1759 1895 vera¹¹

219 1923 378 1966 multa!
435 1923 565 1979 plane
604 1923 721 1965 dicta
759 1922 904 1964 omnia
941 1924 985 1964 et
1023 1922 1154 1964 verba
1193 1921 1417 1964 delenifica
1431 1922 1484 1976 ¹²,
1525 1921 1687 1977 pietate
1718 1923 1762 1963 et

336 2157 353 2187 l
379 2152 468 2188 Veri
491 2151 637 2187 litteras
662 2151 710 2187 ad
733 2151 960 2186 Parthorum
985 2161 1114 2196 regem
1138 2151 1324 2187 memorat
1345 2149 1526 2186 Nazarius
1550 2160 1686 2196 paneg.
1714 2149 1763 2186 ad

222 2209 454 2246 Constantin.
481 2221 511 2245 c.
538 2212 593 2252 24,
616 2209 698 2244 tum
722 2207 837 2244 etiam
860 2207 1002 2243 Fronto
1027 2206 1066 2242 in
1089 2206 1281 2253 principiis
1307 2205 1497 2243 historiae.
1547 2209 1673 2243 Maius.

336 2271 356 2302 2
383 2266 472 2303 Cod.
499 2278 555 2312 pr.
582 2277 629 2301 m.
659 2269 862 2300 Dausaram.
1654 2264 1657 2267 “

336 2329 356 2360 3
381 2323 473 2359 Aliis
498 2325 751 2367 Nicephorium.
801 2324 928 2358 Maius.

336 2385 358 2416 4
383 2381 427 2416 cf.
454 2378 653 2425 Capitolin.
684 2378 724 2413 in
747 2378 874 2414 Marco
901 2389 929 2414 c.
958 2382 990 2414 9.

337 2442 358 2472 5
383 2437 428 2472 cf.
456 2434 656 2481 Capitolin.
687 2434 726 2469 in
750 2434 849 2470 Vero
875 2446 904 2470 c.
932 2438 964 2470 8.

337 2496 357 2527 6
383 2491 473 2527 Tria
496 2491 612 2527 verba
636 2491 736 2537 apud
759 2491 899 2527 Maium
925 2491 1070 2527 desunt.
1121 2491 1163 2524 In
1194 2490 1434 2535 sequentibus
1463 2488 1649 2536 Hauptius
1678 2489 1763 2525 scri-

223 2550 295 2586 bit:
327 2557 361 2585 et
384 2549 502 2585 verba
525 2547 777 2583 modulatim-a
799 2551 989 2583 collocasti.

339 2610 357 2642 7
382 2604 518 2650 Incipit
543 2603 632 2640 Cod.
657 2603 750 2639 Vat:
770 2615 806 2648 p.
836 2608 888 2638 13.

339 2666 360 2698 8
386 2662 467 2698 Om.
494 2660 624 2696 Maius.

338 2723 358 2754 9
384 2717 473 2754 eod.
499 2730 554 2764 pr.
582 2730 630 2752 m.
658 2721 760 2753 dicet.
803 2718 848 2752 cf.
874 2716 1026 2752 Jordan.
1055 2716 1104 2752 ad
1129 2716 1259 2752 Oatou.
1286 2728 1322 2762 p.
1349 2720 1404 2752 80.

319 2780 360 2811 10
385 2775 444 2810 Ita
468 2774 594 2810 Codex
618 2774 686 2809 bis.

320 2836 357 2867 11
384 2832 443 2866 Ita
467 2829 602 2866 Codex.
652 2831 767 2866 Recte
791 2829 994 2875 Hauptius:
1027 2843 1123 2875 quam
1147 2841 1235 2869 vero
1260 2835 1373 2869 multa.

319 2892 359 2924 12
387 2886 478 2924 Cod.
503 2898 574 2923 sec.
600 2899 648 2924 m.
676 2891 828 2933 «telesim,
854 2887 896 2923 ut
918 2886 1076 2924 videtur.
