1968 3158
288 170 372 212 246
580 150 583 153 ’
740 167 788 202 Μ.
817 166 1043 202 CORNELII
1067 166 1356 203 PRONToms.

290 282 541 334 έργαεαίμην
587 282 715 324 οὐδὲν
765 281 1108 334 οὐδ’-ὀναίμην1
1146 281 1357 324 οὐδέποτε
1388 316 1396 323 .
1428 316 1436 324 .
1466 316 1474 323 .
1504 282 1578 325 .’.2
1615 284 1658 329 ἐξ
1697 284 1819 328 οἴκου

290 351 417 404 φαεὶν
449 349 508 391 εἰε
529 349 651 392 οἶκον
673 350 898 401 μετελθεῖν.
930 349 1159 401 Ἐννόηεον
1189 351 1235 392 δὲ
1266 350 1453 402 κάκεῖνο,
1485 350 1559 403 ὅεη
1597 352 1732 406 ἡδονὴ
1757 358 1819 409 τῷ

244 419 247 422 ’
292 419 506 470 πέμψαντι
537 418 806 470 ληφθέντων,
838 416 913 469 ὅεη
944 417 1055 469 λύπη
1095 417 1148 469 μὴ
1181 419 1434 471 ληφθέντων
1473 418 1719 470 ἐγγίγνεται.
1777 421 1821 475 Εἰ

288 487 338 527 τὸ
361 486 549 538 καθαρὸν
572 517 582 526 .
609 518 617 526 .
641 486 708 527 καὶ
737 485 841 538 μετὰ
871 499 930 527 πο
962 519 969 527 .
993 519 1000 526 .
1032 486 1252 538 προειέναι
1283 485 1389 528 εοι3.
1430 487 1651 530 Πιετεύοιε
1689 489 1736 530 δὲ
1765 489 1821 531 δί-

290 567 411 597 καιον
443 553 552 596 εἶναι
580 554 659 597 τὸν
690 553 825 605 νόμον
856 558 946 596 τῶν
976 567 1021 595 τε
1051 554 1226 597 πόλεων
1256 555 1324 596 καὶ
1353 558 1465 597 θεῶν
1497 555 1564 597 καὶ
1595 555 1736 609 φίλων
1767 589 1775 598 .
1810 587 1819 597 .

291 622 404 677 φίλῳ
442 623 489 664 δὲ
527 621 606 674 οὐχ
644 622 704 664 ὡς
733 624 890 665 τοῦτον
930 621 1260 665 ἐπιδεικνύντων
1291 622 1673 677 θράεοεεύνοίαε,
1713 623 1822 666 ἀλλὰ

290 691 358 731 καὶ
392 690 561 733 τούτων
602 688 873 741 ὑποδέουει4,
919 689 1091 742 ἔπεμψα
1135 690 1185 732 τὸ
1230 690 1329 743 πρὶν
1375 690 1617 747 ἐπιτρέψῃε.
1677 691 1731 734 (ὺ
1776 692 1845 745 δῖεΑ

292 759 395 810 μηδὲ
424 772 516 810 τιμη
549 791 556 799 .
588 758 624 800 ,5
657 759 742 814 ᾧγε
774 758 858 800 ἔδει
889 758 989 810 μηδ’
1018 757 1140 802 ἅπαξ.

643 835 694 878 V.
726 838 1000 893 Ἀππιανῷ
1031 837 1169 889 παρὰ
1199 837 1531 890 Φρόντωνοε.

408 905 497 947 Οὐκ
535 904 739 958 ἀπορήεει
785 906 861 958 μὲν
909 905 1034 948 οὐδ’6
1072 905 1235 949 ἐκεῖνος
1277 910 1472 950 πιθανῶν
1511 906 1655 957 λόγων
1686 907 1823 951 ὅετιε7

294 974 404 1024 πρὸ(
443 974 493 1015 τὸ
532 978 708 1026 πρῶτον
747 973 961 1026 ἐνθύμημα
1007 977 1095 1017 τῶν
1142 973 1255 1016 ὑπὸ8
1294 976 1369 1016 cos)
1407 975 1704 1026 προτεθέντων
1726 966 1823 1019 fevi-

300 1055 453 1092 cwrro,
485 1041 545 1082 ὡς
573 1042 629 1093 μὴ
661 1040 777 1083 δέοι9
810 1041 980 1083 ’έπεεθαι
1016 1043 1107 1083 τοῖε
1137 1044 1296 1085 κοινοῖ(
1325 1041 1377 1083 τὰ
1405 1040 1501 1084 ἰ’δια.
1559 1042 1712 1085 Πολλὰ
1741 1044 1824 1095 γὰρ

300 1110 373 1161 ἔθη
405 1110 472 1151 καὶ
502 1109 656 1162 νόμιμα
686 1110 808 1152 κοινὰ
845 1111 935 1151 ταῖς
965 1109 1137 1152 πόλεειν
1175 1110 1242 1152 καὶ
1276 1109 1362 1152 ἴδια
1391 1112 1482 1152 τοῖε
1511 1111 1610 1152 καθ’
1647 1111 1823 1154 ἕκαςτον

408 1192 426 1222 1
453 1187 624 1232 Vestigia
647 1187 686 1222 in
711 1186 845 1223 Codice
869 1186 994 1232 potius
1019 1182 1158 1222 ducunt
1182 1187 1231 1222 ad
1255 1189 1462 1233 ὁνιναίμην.

410 1248 429 1279 2
453 1244 627 1279 Absurda
651 1244 737 1278 sunt
760 1244 798 1279 et
822 1244 951 1279 contra
974 1243 1086 1279 fidem
1113 1243 1256 1279 Codicis
1281 1255 1376 1289 quae
1401 1244 1520 1280 Maius
1551 1244 1668 1280 edidit
1698 1244 1826 1280 vertit-

296 1311 367 1344 que
393 1300 486 1336 adeo
510 1301 641 1335 latine:
667 1301 756 1335 οὐδὲ
780 1300 939 1345 ὀναίμην
963 1301 1051 1336 οὐδέ
1077 1312 1171 1339 ποτε
1198 1301 1290 1345 [δέοι
1314 1301 1366 1336 ὡς
1384 1302 1424 1336 ἐν
1441 1305 1497 1346 τῷ
1520 1302 1684 1346 θεάτρῳ]
1711 1303 1825 1345 φαεὶν

298 1358 354 1401 [ὃς
380 1358 445 1402 μὴ]
475 1358 603 1400 μιεθὸν
629 1358 746 1400 εἶχον,
772 1357 808 1392 ἐξ
832 1357 938 1392 οἴκου
964 1356 1017 1392 εἰ(
1041 1358 1149 1392 οἶκον
1175 1358 1218 1400 μέ
1234 1368 1277 1399 γε
1293 1359 1422 1392 τιθεῖν.
1447 1357 1596 1392 Amicus
1614 1357 1823 1403 descripsiss:

1221 1414 1310 1448 οὐδέ

767 1458 1032 1493 ΠΟΤΕΜΕΟΛ
1058 1485 1065 1493 .
1093 1486 1100 1493 .
1129 1458 1302 1494 ΑΜΕΚΗ.

771 1503 1289 1539 ΝΕΙΧΟΝΕΞΟΙΚΟΥΦΑΕΙΝ

296 1559 449 1594 ΟοΠαὺίε
473 1559 518 1594 ijs
544 1571 639 1604 quae
664 1559 784 1595 Maius
808 1571 846 1594 se
869 1559 1005 1604 legisse
1029 1560 1210 1603 testatur,
1234 1560 1355 1606 possis
1379 1561 1486 1596 verbi
1510 1572 1638 1596 causa:
1679 1563 1825 1608 οὐδαμῇ

297 1616 521 1660 ἑργαεαίμην
538 1617 650 1651 οὐδὲν
668 1617 756 1651 οὐδὲ
772 1615 968 1660 ὀνιναίμην
986 1617 1170 1652 οὐδέποτε
1186 1617 1272 1652 δέον
1289 1618 1373 1652 τινὰ
1391 1618 1519 1660 μιεθὸν
1544 1619 1650 1653 λιτὸν
1667 1619 1703 1654 ἐξ
1721 1619 1826 1654 οἴκου

296 1675 408 1716 φαεὶν
433 1673 486 1708 εἰε
511 1674 619 1708 οἶκον
643 1675 848 1716 μετελθεῖν.
889 1672 986 1707 Illud
1011 1675 1206 1716 μετελθεῖν
1230 1672 1322 1707 mihi
1346 1673 1435 1708 satis
1461 1674 1603 1709 certum
1619 1673 1765 1710 videbur
1789 1675 1828 1710 et

295 1728 403 1774 posui
426 1728 464 1763 in
486 1730 602 1764 textu.

386 1790 406 1820 3
431 1785 489 1820 Ita
511 1784 642 1820 Maius.
689 1785 841 1821 Amicus
865 1784 974 1821 vidiss:

1124 1832 1316 1867 ΚΑΘΑΡΟ
1343 1861 1350 1866 .

772 1904 854 2003 ῑΣὸΙῑ
882 1905 889 1956 ῑ
917 1905 925 1956 ῑ
952 1905 962 1956 ῑ
989 1878 1315 1958 ῑὴρὸεειέᾞ
1344 1905 1351 1956 ῑ

296 2022 397 2057 Nihil
422 2021 512 2057 satis
537 2022 679 2057 certum
704 2023 916 2068 exsculpere
940 2023 1057 2068 potui.

411 2082 433 2112 4
461 2078 755 2123 Repraesentavi
791 2079 990 2114 lectionem
1020 2079 1125 2123 Maii,
1169 2079 1258 2124 quia
1291 2092 1366 2116 non
1402 2079 1584 2116 succurrit
1618 2082 1722 2116 certa
1755 2081 1828 2116 loci

299 2134 519 2170 emendatio.
570 2134 629 2169 Du
650 2134 745 2169 Rieu
768 2134 877 2169 vidit:

1258 2183 1319 2216 καὶ
1343 2193 1387 2225 φι

753 2225 843 2260 ΛΩΝ
874 2254 880 2260 .
908 2253 915 2259 .
944 2254 950 2260 .
979 2237 1001 2260 .·
1015 2254 1379 2261 ...........

752 2298 1183 2306 .............
1222 2271 1361 2307 ΦΙΛΩΝ

750 2316 809 2350 ΔΕ
844 2344 1016 2350 .....
1042 2317 1240 2352 ΤΟΥΤΟΝ
1278 2317 1574 2352 ἐπιδεικνύντων
1603 2318 1736 2361 θράεοε
1767 2319 1827 2353 εὐ-

299 2373 402 2408 νοία(
428 2372 823 2408 ΑΛΛΛΝΑΙΤΟΝΤΩΝ
851 2373 1058 2407 ὑποδέουει.
1085 2372 1214 2407 Malim
1237 2373 1333 2408 fere:
1358 2373 1485 2418 φίλων
1510 2373 1549 2408 δὲ
1573 2374 1619 2408 οὐ
1643 2378 1827 2410 τοεοῦτον

299 2429 594 2464 ἐπιδεικνύντων
619 2429 752 2472 θράεοε
777 2428 923 2464 ἑννοίας
948 2430 1044 2463 ἀλλὰ
1069 2430 1341 2465 λανθανόντων
1358 2430 1434 2465 ὑπὸ
1451 2430 1567 2473 δέουε,
1590 2430 1734 2474 ἔπεμψ’
1750 2431 1825 2473 ἐγὼ

299 2487 388 2530 πρὶν
419 2485 630 2529 ἑπιτρέψῃε.
680 2484 856 2519 Similiter
879 2484 961 2520 siam
983 2484 1189 2529 Iacobsius,
1225 2485 1291 2520 sed
1312 2486 1483 2531 praestat
1506 2497 1530 2521 a
1551 2485 1690 2521 talibus
1715 2486 1827 2522 absti-

296 2552 386 2578 nere
409 2552 550 2576 manus.

413 2602 432 2633 5
457 2599 515 2633 Ita
544 2597 674 2633 Maius.
723 2597 847 2633 Codex
875 2609 972 2632 nunc
994 2598 1125 2633 habeb:
1158 2627 1307 2634 .....
1332 2599 1458 2635 ΠΗΙΕ.
1505 2599 1745 2635 Niebuhrius:
1783 2602 1824 2637 εὺ

299 2656 339 2689 δὲ
363 2657 411 2699 μὴ
438 2649 617 2699 δεύτερον
641 2655 868 2699 ἀποπέμψῃ(
894 2656 970 2700 ᾧγε
995 2656 1067 2690 ἔδει
1093 2657 1182 2700 μηδ’
1206 2657 1315 2692 ἅπαξ.

413 2716 433 2746 6
459 2710 548 2746 Ood.
575 2712 645 2746 οὐκ
670 2711 963 2755 ἀπορηεείμενο(
988 2712 1029 2747 δὲ
1052 2712 1103 2747 ἐκ.

413 2771 432 2802 7
459 2766 545 2802 Cod.
571 2767 636 2802 ita.

414 2827 435 2858 8
462 2822 548 2858 Cod.
574 2824 660 2858 ἀπό.

415 2883 435 2914 9
462 2878 550 2914 Cod.
577 2880 667 2923 δήοι.
