<?xml version="1.0" encoding="UTF-8"?>
<!DOCTYPE html PUBLIC "-//W3C//DTD XHTML 1.0 Transitional//EN"
    "http://www.w3.org/TR/xhtml1/DTD/xhtml1-transitional.dtd">
<html xmlns="http://www.w3.org/1999/xhtml" xml:lang="en" lang="en">
 <head>
  <title>
</title>
<meta http-equiv="Content-Type" content="text/html;charset=utf-8" />
  <meta name='ocr-system' content='tesseract 3.04.00' />
  <meta name='ocr-capabilities' content='ocr_page ocr_carea ocr_par ocr_line ocrx_word'/>
</head>
<body>
  <div class='ocr_page' id='page_1' title='image "./mcorneliifronton00fronuoft_0104.png"; bbox 0 0 1968 3158; ppageno 0'>
   <div class='ocr_carea' id='block_1_1' title="bbox 267 140 1505 190">
    <p class='ocr_par' dir='ltr' id='par_1_1' title="bbox 267 140 1505 190">
     <span class='ocr_line' id='line_1_1' title="bbox 267 140 1505 190; baseline -0.002 -7"><span class='ocrx_word' id='word_1_1' title='bbox 267 146 322 190; x_wconf 78' lang='lat'>64</span> <span class='ocrx_word' id='word_1_2' title='bbox 547 144 594 182; x_wconf 89' lang='lat' dir='ltr'>M.</span> <span class='ocrx_word' id='word_1_3' title='bbox 615 144 840 181; x_wconf 85' lang='lat' dir='ltr'>CORNELII</span> <span class='ocrx_word' id='word_1_4' title='bbox 863 140 1140 179; x_wconf 84' lang='lat' dir='ltr'>FRONTONIS</span> <span class='ocrx_word' id='word_1_5' title='bbox 1165 140 1505 183; x_wconf 87' lang='lat' dir='ltr'><strong>EPISTULARUM</strong></span> 
     </span>
    </p>
   </div>
   <div class='ocr_carea' id='block_1_2' title="bbox 242 258 1843 1945">
    <p class='ocr_par' dir='ltr' id='par_1_2' title="bbox 266 258 1784 383">
     <span class='ocr_line' id='line_1_2' title="bbox 266 258 1784 316; baseline -0.001 -13"><span class='ocrx_word' id='word_1_6' title='bbox 266 262 351 303; x_wconf 73' lang='lat' dir='ltr'>tius</span> <span class='ocrx_word' id='word_1_7' title='bbox 383 262 446 302; x_wconf 71' lang='lat' dir='ltr'>est</span> <span class='ocrx_word' id='word_1_8' title='bbox 477 259 719 314; x_wconf 83' lang='lat' dir='ltr'>volgaribus</span> <span class='ocrx_word' id='word_1_9' title='bbox 750 261 793 300; x_wconf 67' lang='lat' dir='ltr'>elz</span> <span class='ocrx_word' id='word_1_10' title='bbox 822 258 991 300; x_wconf 72' lang='lat' dir='ltr'>usitatis</span> <span class='ocrx_word' id='word_1_11' title='bbox 1023 272 1150 313; x_wconf 87' lang='lat' dir='ltr'>quam</span> <span class='ocrx_word' id='word_1_12' title='bbox 1170 258 1343 300; x_wconf 59' lang='lat' dir='ltr'>remossis</span> <span class='ocrx_word' id='word_1_13' title='bbox 1370 261 1413 300; x_wconf 79' lang='lat' dir='ltr'>et</span> <span class='ocrx_word' id='word_1_14' title='bbox 1432 259 1673 315; x_wconf 75' lang='lat' dir='ltr'>requisitis¹</span> <span class='ocrx_word' id='word_1_15' title='bbox 1707 260 1784 316; x_wconf 74' lang='lat' dir='ltr'>uti,</span> 
     </span>
     <span class='ocr_line' id='line_1_3' title="bbox 267 326 765 383; baseline -0.006 -13"><span class='ocrx_word' id='word_1_16' title='bbox 267 330 302 370; x_wconf 84' lang='lat' dir='ltr'>si</span> <span class='ocrx_word' id='word_1_17' title='bbox 331 343 482 383; x_wconf 89' lang='lat' dir='ltr'>parum</span> <span class='ocrx_word' id='word_1_18' title='bbox 512 326 765 382; x_wconf 55' lang='lat' dir='ltr'>significeffl.</span> 
     </span>
    </p>

    <p class='ocr_par' dir='ltr' id='par_1_3' title="bbox 242 394 1843 1863">
     <span class='ocr_line' id='line_1_4' title="bbox 378 394 1786 451; baseline 0.002 -16"><span class='ocrx_word' id='word_1_19' title='bbox 378 395 498 436; x_wconf 74' lang='lat' dir='ltr'>Haut</span> <span class='ocrx_word' id='word_1_20' title='bbox 528 394 660 436; x_wconf 87' lang='lat' dir='ltr'>sciam</span> <span class='ocrx_word' id='word_1_21' title='bbox 699 409 754 435; x_wconf 91' lang='lat' dir='ltr'>an</span> <span class='ocrx_word' id='word_1_22' title='bbox 783 394 888 436; x_wconf 75' lang='lat' dir='ltr'>utile</span> <span class='ocrx_word' id='word_1_23' title='bbox 919 394 975 436; x_wconf 74' lang='lat' dir='ltr'>sit</span> <span class='ocrx_word' id='word_1_24' title='bbox 1005 394 1310 449; x_wconf 77' lang='lat' dir='ltr'>demonstrare,</span> <span class='ocrx_word' id='word_1_25' title='bbox 1348 400 1510 450; x_wconf 77' lang='lat' dir='ltr'>quanta</span> <span class='ocrx_word' id='word_1_26' title='bbox 1540 395 1786 451; x_wconf 70' lang='lat' dir='ltr'>difficultas,</span> 
     </span>
     <span class='ocr_line' id='line_1_5' title="bbox 266 461 1788 518; baseline 0 -14"><span class='ocrx_word' id='word_1_27' title='bbox 266 478 391 518; x_wconf 89' lang='lat' dir='ltr'>quam</span> <span class='ocrx_word' id='word_1_28' title='bbox 427 461 674 517; x_wconf 85' lang='lat' dir='ltr'>scrupulosa</span> <span class='ocrx_word' id='word_1_29' title='bbox 712 464 763 504; x_wconf 74' lang='lat' dir='ltr'>et.</span> <span class='ocrx_word' id='word_1_30' title='bbox 793 462 945 506; x_wconf 84' lang='lat' dir='ltr'>ancxia</span> <span class='ocrx_word' id='word_1_31' title='bbox 991 477 1091 504; x_wconf 88' lang='lat' dir='ltr'>cura</span> <span class='ocrx_word' id='word_1_32' title='bbox 1133 462 1181 504; x_wconf 89' lang='lat' dir='ltr'>in</span> <span class='ocrx_word' id='word_1_33' title='bbox 1218 462 1358 504; x_wconf 83' lang='lat' dir='ltr'>verbis</span> <span class='ocrx_word' id='word_1_34' title='bbox 1396 463 1629 518; x_wconf 83' lang='lat' dir='ltr'>probandis</span> <span class='ocrx_word' id='word_1_35' title='bbox 1671 463 1788 505; x_wconf 90' lang='lat' dir='ltr'>adhi-</span> 
     </span>
     <span class='ocr_line' id='line_1_6' title="bbox 266 530 1790 584; baseline 0.001 -13"><span class='ocrx_word' id='word_1_36' title='bbox 266 531 404 572; x_wconf 86' lang='lat' dir='ltr'>benda</span> <span class='ocrx_word' id='word_1_37' title='bbox 443 530 576 584; x_wconf 58' lang='grc'>81133,</span> <span class='ocrx_word' id='word_1_38' title='bbox 625 545 680 582; x_wconf 80' lang='lat' dir='ltr'>ne</span> <span class='ocrx_word' id='word_1_39' title='bbox 720 544 769 572; x_wconf 90' lang='lat' dir='ltr'>ea</span> <span class='ocrx_word' id='word_1_40' title='bbox 804 545 872 572; x_wconf 86' lang='lat' dir='ltr'>res</span> <span class='ocrx_word' id='word_1_41' title='bbox 904 530 1068 572; x_wconf 87' lang='lat' dir='ltr'>animos</span> <span class='ocrx_word' id='word_1_42' title='bbox 1110 530 1447 572; x_wconf 77' lang='lat' dir='ltr'>adulescentium</span> <span class='ocrx_word' id='word_1_43' title='bbox 1484 530 1672 572; x_wconf 61' lang='lat' dir='ltr'>retardeiz</span> <span class='ocrx_word' id='word_1_44' title='bbox 1715 533 1790 572; x_wconf 76' lang='lat' dir='ltr'>aut</span> 
     </span>
     <span class='ocr_line' id='line_1_7' title="bbox 266 590 1788 653; baseline 0.001 -15"><span class='ocrx_word' id='word_1_45' title='bbox 266 613 384 652; x_wconf 82' lang='lat' dir='ltr'>spem</span> <span class='ocrx_word' id='word_1_46' title='bbox 414 598 678 652; x_wconf 86' lang='lat' dir='ltr'>adipiscendi</span> <span class='ocrx_word' id='word_1_47' title='bbox 709 598 941 640; x_wconf 47' lang='lat' dir='ltr'>debilitet&amp;</span> <span class='ocrx_word' id='word_1_48' title='bbox 1001 598 1101 640; x_wconf 89' lang='lat' dir='ltr'>Una</span> <span class='ocrx_word' id='word_1_49' title='bbox 1131 598 1380 653; x_wconf 84' lang='lat' dir='ltr'>plerumque</span> <span class='ocrx_word' id='word_1_50' title='bbox 1400 597 1547 640; x_wconf 74' lang='lat' dir='ltr'>lit’nera</span> <span class='ocrx_word' id='word_1_51' title='bbox 1575 590 1788 640; x_wconf 68' lang='lat' dir='ltr'>translata</span> 
     </span>
     <span class='ocr_line' id='line_1_8' title="bbox 267 666 1788 720; baseline 0 -13"><span class='ocrx_word' id='word_1_52' title='bbox 267 669 339 707; x_wconf 65' lang='lat' dir='ltr'>aut</span> <span class='ocrx_word' id='word_1_53' title='bbox 370 668 566 720; x_wconf 76' lang='lat' dir='ltr'>exempta</span> <span class='ocrx_word' id='word_1_54' title='bbox 597 668 670 708; x_wconf 72' lang='lat' dir='ltr'>aut</span> <span class='ocrx_word' id='word_1_55' title='bbox 700 666 927 708; x_wconf 74' lang='lat' dir='ltr'>immu’cata</span> <span class='ocrx_word' id='word_1_56' title='bbox 957 666 1043 708; x_wconf 90' lang='lat' dir='ltr'>vim</span> <span class='ocrx_word' id='word_1_57' title='bbox 1072 667 1190 708; x_wconf 89' lang='lat' dir='ltr'>verbi</span> <span class='ocrx_word' id='word_1_58' title='bbox 1226 681 1275 708; x_wconf 90' lang='lat' dir='ltr'>ac</span> <span class='ocrx_word' id='word_1_59' title='bbox 1304 668 1574 708; x_wconf 71' lang='lat' dir='ltr'>venustatem</span> <span class='ocrx_word' id='word_1_60' title='bbox 1605 680 1788 708; x_wconf 88' lang='lat' dir='ltr'>commu-</span> 
     </span>
     <span class='ocr_line' id='line_1_9' title="bbox 265 733 1790 789; baseline 0.001 -15"><span class='ocrx_word' id='word_1_61' title='bbox 265 736 330 775; x_wconf 73' lang='lat' dir='ltr'>tat</span> <span class='ocrx_word' id='word_1_62' title='bbox 360 735 402 775; x_wconf 71' lang='lat' dir='ltr'>et</span> <span class='ocrx_word' id='word_1_63' title='bbox 433 733 693 789; x_wconf 72' lang='lat' dir='ltr'>elegantiam</span> <span class='ocrx_word' id='word_1_64' title='bbox 722 735 788 776; x_wconf 90' lang='lat' dir='ltr'>vel</span> <span class='ocrx_word' id='word_1_65' title='bbox 819 734 1043 776; x_wconf 70' lang='lat' dir='ltr'>scientiam</span> <span class='ocrx_word' id='word_1_66' title='bbox 1072 734 1284 789; x_wconf 76' lang='lat' dir='ltr'>loquentis</span> <span class='ocrx_word' id='word_1_67' title='bbox 1316 734 1517 779; x_wconf 69' lang='lat' dir='ltr'>declarab.</span> <span class='ocrx_word' id='word_1_68' title='bbox 1579 733 1790 789; x_wconf 83' lang='lat' dir='ltr'>Equidem</span> 
     </span>
     <span class='ocr_line' id='line_1_10' title="bbox 264 802 1789 857; baseline 0.001 -15"><span class='ocrx_word' id='word_1_69' title='bbox 264 804 306 843; x_wconf 75' lang='lat' dir='ltr'>te</span> <span class='ocrx_word' id='word_1_70' title='bbox 339 802 634 856; x_wconf 73' lang='lat' dir='ltr'>animadverti,</span> <span class='ocrx_word' id='word_1_71' title='bbox 675 817 802 857; x_wconf 90' lang='lat' dir='ltr'>quom</span> <span class='ocrx_word' id='word_1_72' title='bbox 835 802 941 844; x_wconf 86' lang='lat' dir='ltr'>mihi</span> <span class='ocrx_word' id='word_1_73' title='bbox 972 802 1132 857; x_wconf 73' lang='lat' dir='ltr'>scripta</span> <span class='ocrx_word' id='word_1_74' title='bbox 1162 804 1237 843; x_wconf 72' lang='lat' dir='ltr'>tua</span> <span class='ocrx_word' id='word_1_75' title='bbox 1267 802 1492 857; x_wconf 82' lang='lat' dir='ltr'>relegeres,</span> <span class='ocrx_word' id='word_1_76' title='bbox 1535 802 1671 857; x_wconf 89' lang='lat' dir='ltr'>adque</span> <span class='ocrx_word' id='word_1_77' title='bbox 1709 816 1789 857; x_wconf 86' lang='lat' dir='ltr'>ego</span> 
     </span>
     <span class='ocr_line' id='line_1_11' title="bbox 266 869 1789 926; baseline 0 -16"><span class='ocrx_word' id='word_1_78' title='bbox 266 869 316 911; x_wconf 86' lang='lat' dir='ltr'>de</span> <span class='ocrx_word' id='word_1_79' title='bbox 346 869 474 911; x_wconf 89' lang='lat' dir='ltr'>verbo</span> <span class='ocrx_word' id='word_1_80' title='bbox 505 869 713 925; x_wconf 78' lang='lat' dir='ltr'>syllabam</span> <span class='ocrx_word' id='word_1_81' title='bbox 742 885 818 925; x_wconf 86' lang='lat' dir='ltr'>per</span> <span class='ocrx_word' id='word_1_82' title='bbox 841 870 875 926; x_wconf 74' lang='grc'>15</span> <span class='ocrx_word' id='word_1_83' title='bbox 895 873 1118 925; x_wconf 79' lang='lat' dir='ltr'>mutarem,</span> <span class='ocrx_word' id='word_1_84' title='bbox 1152 872 1194 911; x_wconf 67' lang='lat' dir='ltr'>te</span> <span class='ocrx_word' id='word_1_85' title='bbox 1224 870 1268 911; x_wconf 84' lang='lat' dir='ltr'>id</span> <span class='ocrx_word' id='word_1_86' title='bbox 1297 870 1540 925; x_wconf 77' lang='lat' dir='ltr'>neglegere,</span> <span class='ocrx_word' id='word_1_87' title='bbox 1573 884 1654 912; x_wconf 91' lang='lat' dir='ltr'>nec</span> <span class='ocrx_word' id='word_1_88' title='bbox 1682 869 1789 911; x_wconf 88' lang='lat' dir='ltr'>mul-</span> 
     </span>
     <span class='ocr_line' id='line_1_12' title="bbox 265 937 1786 993; baseline 0.001 -15"><span class='ocrx_word' id='word_1_89' title='bbox 265 939 356 978; x_wconf 70' lang='lat' dir='ltr'>tum</span> <span class='ocrx_word' id='word_1_90' title='bbox 405 937 563 979; x_wconf 88' lang='lat' dir='ltr'>referre</span> <span class='ocrx_word' id='word_1_91' title='bbox 614 938 825 981; x_wconf 69' lang='lat' dir='ltr'>arbItrari.</span> <span class='ocrx_word' id='word_1_92' title='bbox 886 938 1030 980; x_wconf 89' lang='lat' dir='ltr'>Nolim</span> <span class='ocrx_word' id='word_1_93' title='bbox 1080 938 1213 993; x_wconf 71' lang='lat' dir='ltr'>igitur</span> <span class='ocrx_word' id='word_1_94' title='bbox 1265 940 1308 979; x_wconf 67' lang='lat' dir='ltr'>{ze</span> <span class='ocrx_word' id='word_1_95' title='bbox 1353 938 1553 993; x_wconf 86' lang='lat' dir='ltr'>ignorare</span> <span class='ocrx_word' id='word_1_96' title='bbox 1597 937 1786 993; x_wconf 83' lang='lat' dir='ltr'>syllabae</span> 
     </span>
     <span class='ocr_line' id='line_1_13' title="bbox 265 1005 1787 1061; baseline 0.001 -15"><span class='ocrx_word' id='word_1_97' title='bbox 265 1006 390 1047; x_wconf 88' lang='lat' dir='ltr'>unius</span> <span class='ocrx_word' id='word_1_98' title='bbox 436 1005 663 1047; x_wconf 78' lang='lat' dir='ltr'>discrimen</span> <span class='ocrx_word' id='word_1_99' title='bbox 694 1008 902 1061; x_wconf 72' lang='lat' dir='ltr'>quantum</span> <span class='ocrx_word' id='word_1_100' title='bbox 932 1006 1130 1048; x_wconf 69' lang='lat' dir='ltr'>referatb.</span> <span class='ocrx_word' id='word_1_101' title='bbox 1192 1005 1278 1047; x_wconf 77' lang='lat' dir='ltr'>Os⁶</span> <span class='ocrx_word' id='word_1_102' title='bbox 1315 1010 1491 1048; x_wconf 82' lang='lat' dir='ltr'>colluere</span> <span class='ocrx_word' id='word_1_103' title='bbox 1520 1006 1678 1060; x_wconf 82' lang='lat' dir='ltr'>dicam3</span> <span class='ocrx_word' id='word_1_104' title='bbox 1716 1020 1787 1061; x_wconf 85' lang='lat' dir='ltr'>pa-</span> 
     </span>
     <span class='ocr_line' id='line_1_14' title="bbox 264 1073 1789 1128; baseline 0 -14"><span class='ocrx_word' id='word_1_105' title='bbox 264 1074 501 1115; x_wconf 75' lang='lat' dir='ltr'>vimentum</span> <span class='ocrx_word' id='word_1_106' title='bbox 532 1076 674 1115; x_wconf 77' lang='lat' dir='ltr'>autem</span> <span class='ocrx_word' id='word_1_107' title='bbox 710 1075 756 1115; x_wconf 86' lang='lat' dir='ltr'>in</span> <span class='ocrx_word' id='word_1_108' title='bbox 794 1074 959 1115; x_wconf 80' lang='lat' dir='ltr'>balneis</span> <span class='ocrx_word' id='word_1_109' title='bbox 989 1078 1194 1128; x_wconf 80' lang='lat' dir='ltr'>pelluere,</span> <span class='ocrx_word' id='word_1_110' title='bbox 1234 1088 1322 1115; x_wconf 89' lang='lat' dir='ltr'>non</span> <span class='ocrx_word' id='word_1_111' title='bbox 1361 1073 1564 1115; x_wconf 84' lang='lat' dir='ltr'>colluere:</span> <span class='ocrx_word' id='word_1_112' title='bbox 1602 1073 1789 1114; x_wconf 80' lang='lat' dir='ltr'>lacrimis</span> 
     </span>
     <span class='ocr_line' id='line_1_15' title="bbox 242 1140 1789 1197; baseline -0.001 -15"><span class='ocrx_word' id='word_1_113' title='bbox 242 1156 364 1183; x_wconf 87' lang='lat' dir='ltr'>·ver0</span> <span class='ocrx_word' id='word_1_114' title='bbox 394 1156 527 1197; x_wconf 87' lang='lat' dir='ltr'>genas</span> <span class='ocrx_word' id='word_1_115' title='bbox 557 1143 718 1184; x_wconf 82' lang='lat' dir='ltr'>labere⁷</span> <span class='ocrx_word' id='word_1_116' title='bbox 751 1142 902 1196; x_wconf 73' lang='lat' dir='ltr'>dicam,</span> <span class='ocrx_word' id='word_1_117' title='bbox 935 1156 1024 1183; x_wconf 87' lang='lat' dir='ltr'>non</span> <span class='ocrx_word' id='word_1_118' title='bbox 1054 1141 1240 1196; x_wconf 89' lang='lat' dir='ltr'>pelluere</span> <span class='ocrx_word' id='word_1_119' title='bbox 1268 1155 1406 1195; x_wconf 88' lang='lat' dir='ltr'>neque</span> <span class='ocrx_word' id='word_1_120' title='bbox 1430 1140 1633 1195; x_wconf 82' lang='lat' dir='ltr'>colluere3</span> <span class='ocrx_word' id='word_1_121' title='bbox 1663 1140 1789 1182; x_wconf 73' lang='lat' dir='ltr'>vesti-</span> 
     </span>
     <span class='ocr_line' id='line_1_16' title="bbox 265 1208 1790 1264; baseline -0.001 -14"><span class='ocrx_word' id='word_1_122' title='bbox 265 1211 411 1251; x_wconf 70' lang='lat' dir='ltr'>men’ca</span> <span class='ocrx_word' id='word_1_123' title='bbox 443 1211 584 1250; x_wconf 71' lang='lat' dir='ltr'>autem</span> <span class='ocrx_word' id='word_1_124' title='bbox 613 1214 767 1264; x_wconf 73' lang='lat' dir='ltr'>lavare,</span> <span class='ocrx_word' id='word_1_125' title='bbox 799 1224 888 1251; x_wconf 90' lang='lat' dir='ltr'>non</span> <span class='ocrx_word' id='word_1_126' title='bbox 918 1209 1080 1251; x_wconf 84' lang='lat' dir='ltr'>lavere:</span> <span class='ocrx_word' id='word_1_127' title='bbox 1120 1209 1316 1251; x_wconf 85' lang='lat' dir='ltr'>sudorem</span> <span class='ocrx_word' id='word_1_128' title='bbox 1344 1223 1470 1263; x_wconf 86' lang='lat' dir='ltr'>porro</span> <span class='ocrx_word' id='word_1_129' title='bbox 1501 1210 1544 1250; x_wconf 72' lang='lat' dir='ltr'>et</span> <span class='ocrx_word' id='word_1_130' title='bbox 1572 1208 1790 1263; x_wconf 85' lang='lat' dir='ltr'>pulverem</span> 
     </span>
     <span class='ocr_line' id='line_1_17' title="bbox 266 1276 1788 1332; baseline -0.001 -13"><span class='ocrx_word' id='word_1_131' title='bbox 266 1281 440 1332; x_wconf 72' lang='lat' dir='ltr'>abluere7</span> <span class='ocrx_word' id='word_1_132' title='bbox 473 1292 560 1318; x_wconf 89' lang='lat' dir='ltr'>non</span> <span class='ocrx_word' id='word_1_133' title='bbox 590 1277 750 1332; x_wconf 79' lang='lat' dir='ltr'>lavare3</span> <span class='ocrx_word' id='word_1_134' title='bbox 782 1278 855 1319; x_wconf 87' lang='lat' dir='ltr'>sed</span> <span class='ocrx_word' id='word_1_135' title='bbox 884 1277 1097 1319; x_wconf 85' lang='lat' dir='ltr'>maculam</span> <span class='ocrx_word' id='word_1_136' title='bbox 1128 1276 1367 1332; x_wconf 74' lang='lat' dir='ltr'>elegantius</span> <span class='ocrx_word' id='word_1_137' title='bbox 1398 1281 1531 1318; x_wconf 85' lang='lat' dir='ltr'>eluere</span> <span class='ocrx_word' id='word_1_138' title='bbox 1560 1291 1687 1331; x_wconf 88' lang='lat' dir='ltr'>quam</span> <span class='ocrx_word' id='word_1_139' title='bbox 1718 1276 1788 1317; x_wconf 90' lang='lat' dir='ltr'>ab·</span> 
     </span>
     <span class='ocr_line' id='line_1_18' title="bbox 265 1344 1789 1400; baseline 0 -15"><span class='ocrx_word' id='word_1_140' title='bbox 265 1345 392 1386; x_wconf 83' lang='lat' dir='ltr'>luere.</span> <span class='ocrx_word' id='word_1_141' title='bbox 454 1344 601 1399; x_wconf 78' lang='lat' dir='ltr'>Siquid</span> <span class='ocrx_word' id='word_1_142' title='bbox 631 1359 729 1387; x_wconf 92' lang='lat' dir='ltr'>vero</span> <span class='ocrx_word' id='word_1_143' title='bbox 759 1345 897 1400; x_wconf 83' lang='lat' dir='ltr'>magis</span> <span class='ocrx_word' id='word_1_144' title='bbox 928 1345 1088 1387; x_wconf 72' lang='lat' dir='ltr'>heserit</span> <span class='ocrx_word' id='word_1_145' title='bbox 1117 1359 1198 1387; x_wconf 91' lang='lat' dir='ltr'>nec</span> <span class='ocrx_word' id='word_1_146' title='bbox 1239 1345 1331 1386; x_wconf 85' lang='lat' dir='ltr'>sine</span> <span class='ocrx_word' id='word_1_147' title='bbox 1361 1344 1501 1399; x_wconf 91' lang='lat' dir='ltr'>aliquo</span> <span class='ocrx_word' id='word_1_148' title='bbox 1532 1344 1789 1398; x_wconf 72' lang='lat' dir='ltr'>detrimento</span> 
     </span>
     <span class='ocr_line' id='line_1_19' title="bbox 267 1412 1789 1468; baseline -0.001 -15"><span class='ocrx_word' id='word_1_149' title='bbox 267 1412 380 1467; x_wconf 83' lang='lat' dir='ltr'>exigi</span> <span class='ocrx_word' id='word_1_150' title='bbox 410 1412 558 1467; x_wconf 74' lang='lat' dir='ltr'>possit,</span> <span class='ocrx_word' id='word_1_151' title='bbox 591 1412 812 1468; x_wconf 69' lang='lat' dir='ltr'>Plautinos</span> <span class='ocrx_word' id='word_1_152' title='bbox 857 1414 982 1455; x_wconf 86' lang='lat' dir='ltr'>verbo</span> <span class='ocrx_word' id='word_1_153' title='bbox 1021 1418 1180 1455; x_wconf 79' lang='lat' dir='ltr'>elavere</span> <span class='ocrx_word' id='word_1_154' title='bbox 1210 1413 1361 1454; x_wconf 87' lang='lat' dir='ltr'>dicam.</span> <span class='ocrx_word' id='word_1_155' title='bbox 1421 1412 1530 1453; x_wconf 88' lang='lat' dir='ltr'>Tum</span> <span class='ocrx_word' id='word_1_156' title='bbox 1567 1413 1789 1467; x_wconf 54' lang='lat' dir='ltr'>praelerea</span> 
     </span>
     <span class='ocr_line' id='line_1_20' title="bbox 264 1480 1787 1536; baseline 0.001 -16"><span class='ocrx_word' id='word_1_157' title='bbox 264 1480 447 1521; x_wconf 81' lang='lat' dir='ltr'>mulsum</span> <span class='ocrx_word' id='word_1_158' title='bbox 486 1484 653 1536; x_wconf 68' lang='lat' dir='ltr'>diluere,</span> <span class='ocrx_word' id='word_1_159' title='bbox 692 1481 837 1523; x_wconf 83' lang='lat' dir='ltr'>fauces</span> <span class='ocrx_word' id='word_1_160' title='bbox 873 1486 1080 1536; x_wconf 80' lang='lat' dir='ltr'>proluere,</span> <span class='ocrx_word' id='word_1_161' title='bbox 1122 1480 1329 1536; x_wconf 80' lang='lat' dir='ltr'>ungulam</span> <span class='ocrx_word' id='word_1_162' title='bbox 1366 1480 1556 1525; x_wconf 68' lang='lat' dir='ltr'>iumento</span> <span class='ocrx_word' id='word_1_163' title='bbox 1594 1483 1787 1522; x_wconf 81' lang='lat' dir='ltr'>subluere.</span> 
     </span>
     <span class='ocr_line' id='line_1_21' title="bbox 265 1547 1790 1604; baseline -0.001 -15"><span class='ocrx_word' id='word_1_164' title='bbox 265 1548 348 1590; x_wconf 72' lang='lat' dir='ltr'>Tot</span> <span class='ocrx_word' id='word_1_165' title='bbox 378 1548 581 1603; x_wconf 84' lang='lat' dir='ltr'>exemplis</span> <span class='ocrx_word' id='word_1_166' title='bbox 612 1563 745 1591; x_wconf 90' lang='lat' dir='ltr'>unum</span> <span class='ocrx_word' id='word_1_167' title='bbox 775 1549 910 1604; x_wconf 87' lang='lat' dir='ltr'>adque</span> <span class='ocrx_word' id='word_1_168' title='bbox 939 1549 1052 1591; x_wconf 91' lang='lat' dir='ltr'>idem</span> <span class='ocrx_word' id='word_1_169' title='bbox 1082 1549 1258 1591; x_wconf 90' lang='lat' dir='ltr'>verbum</span> <span class='ocrx_word' id='word_1_170' title='bbox 1288 1547 1476 1602; x_wconf 72' lang='lat' dir='ltr'>syllabae</span> <span class='ocrx_word' id='word_1_171' title='bbox 1507 1547 1642 1602; x_wconf 86' lang='lat' dir='ltr'>adque</span> <span class='ocrx_word' id='word_1_172' title='bbox 1677 1547 1790 1589; x_wconf 72' lang='lat' dir='ltr'>litte-</span> 
     </span>
     <span class='ocr_line' id='line_1_22' title="bbox 265 1615 1843 1670; baseline 0 -13"><span class='ocrx_word' id='word_1_173' title='bbox 265 1630 336 1657; x_wconf 89' lang='lat' dir='ltr'>rae</span> <span class='ocrx_word' id='word_1_174' title='bbox 368 1617 699 1658; x_wconf 73' lang='lat' dir='ltr'>commutatione</span> <span class='ocrx_word' id='word_1_175' title='bbox 740 1618 786 1659; x_wconf 89' lang='lat' dir='ltr'>in</span> <span class='ocrx_word' id='word_1_176' title='bbox 822 1617 984 1661; x_wconf 87' lang='lat' dir='ltr'>varium</span> <span class='ocrx_word' id='word_1_177' title='bbox 1024 1617 1194 1659; x_wconf 87' lang='lat' dir='ltr'>modum</span> <span class='ocrx_word' id='word_1_178' title='bbox 1225 1616 1277 1657; x_wconf 89' lang='lat' dir='ltr'>ad</span> <span class='ocrx_word' id='word_1_179' title='bbox 1308 1615 1505 1657; x_wconf 77' lang='lat' dir='ltr'>censum9</span> <span class='ocrx_word' id='word_1_180' title='bbox 1535 1616 1789 1670; x_wconf 75' lang='lat' dir='ltr'>usurpatur:</span> <span class='ocrx_word' id='word_1_181' title='bbox 1841 1619 1843 1621; x_wconf 79' lang='grc'><strong>’</strong></span> 
     </span>
     <span class='ocr_line' id='line_1_23' title="bbox 264 1683 1789 1739; baseline -0.001 -14"><span class='ocrx_word' id='word_1_182' title='bbox 264 1686 355 1725; x_wconf 73' lang='lat' dir='ltr'>tam</span> <span class='ocrx_word' id='word_1_183' title='bbox 391 1683 562 1726; x_wconf 90' lang='lat' dir='ltr'>hercule</span> <span class='ocrx_word' id='word_1_184' title='bbox 599 1699 727 1739; x_wconf 89' lang='lat' dir='ltr'>quam</span> <span class='ocrx_word' id='word_1_185' title='bbox 766 1685 922 1727; x_wconf 87' lang='lat' dir='ltr'>faciem</span> <span class='ocrx_word' id='word_1_186' title='bbox 950 1685 1262 1727; x_wconf 70' lang='lat' dir='ltr'>medicamento</span> <span class='ocrx_word' id='word_1_187' title='bbox 1298 1688 1423 1734; x_wconf 71' lang='lat' dir='ltr'>litam,</span> <span class='ocrx_word' id='word_1_188' title='bbox 1476 1697 1607 1725; x_wconf 90' lang='lat' dir='ltr'>caeno</span> <span class='ocrx_word' id='word_1_189' title='bbox 1638 1697 1789 1738; x_wconf 89' lang='lat' dir='ltr'>corpus</span> 
     </span>
     <span class='ocr_line' id='line_1_24' title="bbox 266 1751 1790 1808; baseline -0.001 -15"><span class='ocrx_word' id='word_1_190' title='bbox 266 1756 437 1804; x_wconf 75' lang='lat' dir='ltr'>oblitum,</span> <span class='ocrx_word' id='word_1_191' title='bbox 485 1752 661 1794; x_wconf 86' lang='lat' dir='ltr'>calicem</span> <span class='ocrx_word' id='word_1_192' title='bbox 697 1752 822 1794; x_wconf 89' lang='lat' dir='ltr'>melle</span> <span class='ocrx_word' id='word_1_193' title='bbox 861 1758 1037 1808; x_wconf 74' lang='lat' dir='ltr'>delitum,</span> <span class='ocrx_word' id='word_1_194' title='bbox 1082 1766 1329 1794; x_wconf 87' lang='lat' dir='ltr'>mucronem</span> <span class='ocrx_word' id='word_1_195' title='bbox 1362 1751 1586 1806; x_wconf 72' lang='lat' dir='ltr'>veneno¹07</span> <span class='ocrx_word' id='word_1_196' title='bbox 1623 1751 1790 1792; x_wconf 87' lang='lat' dir='ltr'>radium</span> 
     </span>
     <span class='ocr_line' id='line_1_25' title="bbox 265 1820 975 1863; baseline 0.003 -2"><span class='ocrx_word' id='word_1_197' title='bbox 265 1820 378 1861; x_wconf 84' lang='lat' dir='ltr'>visco</span> <span class='ocrx_word' id='word_1_198' title='bbox 410 1824 564 1862; x_wconf 74' lang='lat' dir='ltr'>inlitum</span> <span class='ocrx_word' id='word_1_199' title='bbox 594 1821 752 1863; x_wconf 60' lang='lat' dir='ltr'>recssius</span> <span class='ocrx_word' id='word_1_200' title='bbox 784 1821 975 1863; x_wconf 88' lang='lat' dir='ltr'>dixerim.</span> 
     </span>
    </p>

    <p class='ocr_par' dir='ltr' id='par_1_4' title="bbox 378 1886 1789 1945">
     <span class='ocr_line' id='line_1_26' title="bbox 378 1886 1789 1945; baseline -0.001 -16"><span class='ocrx_word' id='word_1_201' title='bbox 378 1887 497 1929; x_wconf 72' lang='lat' dir='ltr'>Haut</span> <span class='ocrx_word' id='word_1_202' title='bbox 518 1889 649 1930; x_wconf 83' lang='lat' dir='ltr'>sciam</span> <span class='ocrx_word' id='word_1_203' title='bbox 680 1904 735 1931; x_wconf 88' lang='lat' dir='ltr'>an</span> <span class='ocrx_word' id='word_1_204' title='bbox 766 1890 860 1944; x_wconf 84' lang='lat' dir='ltr'>quis</span> <span class='ocrx_word' id='word_1_205' title='bbox 891 1891 1033 1945; x_wconf 55' lang='lat' dir='ltr'>rogel:</span> <span class='ocrx_word' id='word_1_206' title='bbox 1066 1904 1170 1931; x_wconf 88' lang='lat' dir='ltr'>num</span> <span class='ocrx_word' id='word_1_207' title='bbox 1190 1888 1328 1943; x_wconf 84' lang='lat' dir='ltr'>quis¹¹</span> <span class='ocrx_word' id='word_1_208' title='bbox 1351 1902 1418 1929; x_wconf 90' lang='lat' dir='ltr'>me</span> <span class='ocrx_word' id='word_1_209' title='bbox 1439 1886 1638 1942; x_wconf 76' lang='lat' dir='ltr'>prohibet</span> <span class='ocrx_word' id='word_1_210' title='bbox 1665 1887 1789 1928; x_wconf 71' lang='lat' dir='ltr'>vesti·</span> 
     </span>
    </p>
   </div>
   <div class='ocr_carea' id='block_1_3' title="bbox 378 2023 1546 2125">
    <p class='ocr_par' dir='ltr' id='par_1_5' title="bbox 378 2023 1546 2125">
     <span class='ocr_line' id='line_1_27' title="bbox 379 2023 1290 2070; baseline 0 -12"><span class='ocrx_word' id='word_1_211' title='bbox 379 2034 401 2058; x_wconf 86' lang='lat' dir='ltr'>a</span> <span class='ocrx_word' id='word_1_212' title='bbox 426 2026 470 2058; x_wconf 84' lang='lat' dir='ltr'>In</span> <span class='ocrx_word' id='word_1_213' title='bbox 493 2028 659 2069; x_wconf 63' lang='lat' dir='ltr'>margine:</span> <span class='ocrx_word' id='word_1_214' title='bbox 685 2023 740 2059; x_wconf 86' lang='lat' dir='ltr'>De</span> <span class='ocrx_word' id='word_1_215' title='bbox 764 2025 963 2060; x_wconf 83' lang='lat' dir='ltr'>verborum</span> <span class='ocrx_word' id='word_1_216' title='bbox 986 2023 1290 2070; x_wconf 76' lang='lat' dir='ltr'>proprietatibus.</span> 
     </span>
     <span class='ocr_line' id='line_1_28' title="bbox 378 2078 1546 2125; baseline -0.002 -10"><span class='ocrx_word' id='word_1_217' title='bbox 378 2080 402 2114; x_wconf 90' lang='lat' dir='ltr'>b</span> <span class='ocrx_word' id='word_1_218' title='bbox 430 2083 472 2115; x_wconf 89' lang='lat' dir='ltr'>ln</span> <span class='ocrx_word' id='word_1_219' title='bbox 496 2085 662 2125; x_wconf 59' lang='lat' dir='ltr'>maraine:</span> <span class='ocrx_word' id='word_1_220' title='bbox 687 2081 845 2116; x_wconf 76' lang='lat' dir='ltr'>Multum</span> <span class='ocrx_word' id='word_1_221' title='bbox 869 2080 994 2117; x_wconf 76' lang='lat' dir='ltr'>differt</span> <span class='ocrx_word' id='word_1_222' title='bbox 1018 2079 1124 2115; x_wconf 84' lang='lat' dir='ltr'>unius</span> <span class='ocrx_word' id='word_1_223' title='bbox 1149 2079 1314 2124; x_wconf 84' lang='lat' dir='ltr'>syllabae</span> <span class='ocrx_word' id='word_1_224' title='bbox 1341 2078 1546 2114; x_wconf 83' lang='lat' dir='ltr'>discrimen.</span> 
     </span>
    </p>
   </div>
   <div class='ocr_carea' id='block_1_4' title="bbox 266 2226 1787 2895">
    <p class='ocr_par' dir='ltr' id='par_1_6' title="bbox 381 2226 760 2274">
     <span class='ocr_line' id='line_1_29' title="bbox 381 2226 760 2274; baseline 0.008 -12"><span class='ocrx_word' id='word_1_225' title='bbox 381 2233 397 2262; x_wconf 90' lang='lat'>1</span> <span class='ocrx_word' id='word_1_226' title='bbox 425 2226 564 2264; x_wconf 65' lang='lat' dir='ltr'>Codeiz:</span> <span class='ocrx_word' id='word_1_227' title='bbox 590 2232 760 2274; x_wconf 71' lang='lat' dir='ltr'>requistis.</span> 
     </span>
    </p>

    <p class='ocr_par' dir='ltr' id='par_1_7' title="bbox 379 2283 1184 2330">
     <span class='ocr_line' id='line_1_30' title="bbox 379 2283 1184 2330; baseline 0 -11"><span class='ocrx_word' id='word_1_228' title='bbox 379 2289 398 2319; x_wconf 83' lang='lat'><strong>2</strong></span> <span class='ocrx_word' id='word_1_229' title='bbox 423 2285 538 2320; x_wconf 89' lang='lat' dir='ltr'>Malo:</span> <span class='ocrx_word' id='word_1_230' title='bbox 563 2289 762 2330; x_wconf 72' lang='lat' dir='ltr'>siqnificent.</span> <span class='ocrx_word' id='word_1_231' title='bbox 809 2285 858 2320; x_wconf 75' lang='lat' dir='ltr'>Et</span> <span class='ocrx_word' id='word_1_232' title='bbox 880 2285 935 2320; x_wconf 76' lang='lat' dir='ltr'>ita</span> <span class='ocrx_word' id='word_1_233' title='bbox 959 2283 1184 2330; x_wconf 84' lang='lat' dir='ltr'>Schopenus.</span> 
     </span>
    </p>

    <p class='ocr_par' dir='ltr' id='par_1_8' title="bbox 380 2341 773 2387">
     <span class='ocr_line' id='line_1_31' title="bbox 380 2341 773 2387; baseline 0.003 -11"><span class='ocrx_word' id='word_1_234' title='bbox 380 2346 399 2376; x_wconf 84' lang='lat'><strong>3</strong></span> <span class='ocrx_word' id='word_1_235' title='bbox 426 2341 513 2377; x_wconf 88' lang='lat' dir='ltr'>Cod.</span> <span class='ocrx_word' id='word_1_236' title='bbox 539 2354 594 2387; x_wconf 88' lang='lat' dir='ltr'>pr.</span> <span class='ocrx_word' id='word_1_237' title='bbox 620 2354 668 2377; x_wconf 90' lang='lat' dir='ltr'>m.</span> <span class='ocrx_word' id='word_1_238' title='bbox 694 2346 773 2377; x_wconf 77' lang='lat' dir='ltr'>sinc.</span> 
     </span>
    </p>

    <p class='ocr_par' dir='ltr' id='par_1_9' title="bbox 377 2397 856 2443">
     <span class='ocr_line' id='line_1_32' title="bbox 377 2397 856 2443; baseline 0 -11"><span class='ocrx_word' id='word_1_239' title='bbox 377 2402 399 2432; x_wconf 87' lang='lat'>4</span> <span class='ocrx_word' id='word_1_240' title='bbox 424 2397 511 2432; x_wconf 84' lang='lat' dir='ltr'>Cod.</span> <span class='ocrx_word' id='word_1_241' title='bbox 538 2410 592 2443; x_wconf 81' lang='lat' dir='ltr'>pr.</span> <span class='ocrx_word' id='word_1_242' title='bbox 619 2410 666 2433; x_wconf 90' lang='lat' dir='ltr'>m.</span> <span class='ocrx_word' id='word_1_243' title='bbox 695 2402 856 2434; x_wconf 77' lang='lat' dir='ltr'>devilitat.</span> 
     </span>
    </p>

    <p class='ocr_par' dir='ltr' id='par_1_10' title="bbox 379 2453 936 2500">
     <span class='ocr_line' id='line_1_33' title="bbox 379 2453 936 2500; baseline 0 -11"><span class='ocrx_word' id='word_1_244' title='bbox 379 2459 398 2489; x_wconf 82' lang='lat'>5</span> <span class='ocrx_word' id='word_1_245' title='bbox 423 2454 557 2499; x_wconf 67' lang='lat' dir='ltr'>Incipit:</span> <span class='ocrx_word' id='word_1_246' title='bbox 581 2453 668 2489; x_wconf 81' lang='lat' dir='ltr'>Cod.</span> <span class='ocrx_word' id='word_1_247' title='bbox 694 2454 778 2490; x_wconf 70' lang='lat' dir='ltr'>Vat.</span> <span class='ocrx_word' id='word_1_248' title='bbox 804 2467 840 2500; x_wconf 88' lang='lat' dir='ltr'>p.</span> <span class='ocrx_word' id='word_1_249' title='bbox 862 2458 936 2489; x_wconf 80' lang='lat'>152.</span> 
     </span>
    </p>

    <p class='ocr_par' dir='ltr' id='par_1_11' title="bbox 379 2510 688 2546">
     <span class='ocr_line' id='line_1_34' title="bbox 379 2510 688 2546; baseline 0.003 -1"><span class='ocrx_word' id='word_1_250' title='bbox 379 2515 398 2545; x_wconf 87' lang='grc'>6</span> <span class='ocrx_word' id='word_1_251' title='bbox 423 2510 517 2544; x_wconf 89' lang='lat' dir='ltr'>Add.</span> <span class='ocrx_word' id='word_1_252' title='bbox 544 2522 614 2546; x_wconf 86' lang='lat' dir='ltr'>sec.</span> <span class='ocrx_word' id='word_1_253' title='bbox 641 2523 688 2546; x_wconf 86' lang='lat'>111.</span> 
     </span>
    </p>

    <p class='ocr_par' dir='ltr' id='par_1_12' title="bbox 380 2566 1155 2612">
     <span class='ocr_line' id='line_1_35' title="bbox 380 2566 1155 2612; baseline 0.004 -12"><span class='ocrx_word' id='word_1_254' title='bbox 380 2571 398 2601; x_wconf 82' lang='lat'><strong>7</strong></span> <span class='ocrx_word' id='word_1_255' title='bbox 424 2567 481 2601; x_wconf 75' lang='lat' dir='ltr'>Ita</span> <span class='ocrx_word' id='word_1_256' title='bbox 506 2566 593 2602; x_wconf 82' lang='lat' dir='ltr'>Cod.</span> <span class='ocrx_word' id='word_1_257' title='bbox 619 2579 675 2612; x_wconf 87' lang='lat' dir='ltr'>pr.</span> <span class='ocrx_word' id='word_1_258' title='bbox 702 2579 768 2610; x_wconf 80' lang='lat' dir='ltr'>m.;</span> <span class='ocrx_word' id='word_1_259' title='bbox 794 2569 834 2602; x_wconf 73' lang='lat' dir='ltr'>at</span> <span class='ocrx_word' id='word_1_260' title='bbox 857 2578 926 2602; x_wconf 86' lang='lat' dir='ltr'>sec.</span> <span class='ocrx_word' id='word_1_261' title='bbox 950 2578 999 2608; x_wconf 81' lang='lat' dir='ltr'>m.</span> <span class='ocrx_word' id='word_1_262' title='bbox 1027 2569 1155 2603; x_wconf 80' lang='lat' dir='ltr'>labare.</span> 
     </span>
    </p>

    <p class='ocr_par' dir='ltr' id='par_1_13' title="bbox 379 2620 1735 2667">
     <span class='ocr_line' id='line_1_36' title="bbox 379 2620 1735 2667; baseline 0 -10"><span class='ocrx_word' id='word_1_263' title='bbox 379 2627 399 2657; x_wconf 90' lang='grc'>8</span> <span class='ocrx_word' id='word_1_264' title='bbox 424 2623 542 2658; x_wconf 86' lang='lat' dir='ltr'>Maius</span> <span class='ocrx_word' id='word_1_265' title='bbox 565 2623 695 2658; x_wconf 75' lang='lat' dir='ltr'>laudab</span> <span class='ocrx_word' id='word_1_266' title='bbox 719 2623 863 2658; x_wconf 85' lang='lat' dir='ltr'>Asinar.</span> <span class='ocrx_word' id='word_1_267' title='bbox 890 2624 965 2667; x_wconf 76' lang='lat'>1‚2.</span> <span class='ocrx_word' id='word_1_268' title='bbox 985 2627 1021 2666; x_wconf 82' lang='lat'>93</span> <span class='ocrx_word' id='word_1_269' title='bbox 1046 2622 1140 2657; x_wconf 86' lang='lat' dir='ltr'>Rud.</span> <span class='ocrx_word' id='word_1_270' title='bbox 1167 2622 1211 2666; x_wconf 78' lang='grc' dir='ltr'>ΙΙ,</span> <span class='ocrx_word' id='word_1_271' title='bbox 1229 2626 1259 2657; x_wconf 80' lang='lat'>7.</span> <span class='ocrx_word' id='word_1_272' title='bbox 1279 2625 1338 2664; x_wconf 81' lang='lat'>21;</span> <span class='ocrx_word' id='word_1_273' title='bbox 1364 2620 1566 2656; x_wconf 86' lang='lat' dir='ltr'>Trinumm.</span> <span class='ocrx_word' id='word_1_274' title='bbox 1593 2620 1636 2664; x_wconf 83' lang='grc' dir='ltr'>ΙΙ,</span> <span class='ocrx_word' id='word_1_275' title='bbox 1653 2624 1685 2656; x_wconf 88' lang='grc'>4.</span> <span class='ocrx_word' id='word_1_276' title='bbox 1705 2625 1735 2657; x_wconf 82' lang='grc'>5.</span> 
     </span>
    </p>

    <p class='ocr_par' dir='ltr' id='par_1_14' title="bbox 266 2676 1787 2779">
     <span class='ocr_line' id='line_1_37' title="bbox 379 2676 1787 2724; baseline -0.001 -11"><span class='ocrx_word' id='word_1_277' title='bbox 379 2683 399 2713; x_wconf 85' lang='grc'><strong>9</strong></span> <span class='ocrx_word' id='word_1_278' title='bbox 423 2679 539 2724; x_wconf 84' lang='lat' dir='ltr'>Lege:</span> <span class='ocrx_word' id='word_1_279' title='bbox 571 2694 612 2715; x_wconf 82' lang='lat' dir='ltr'>ac</span> <span class='ocrx_word' id='word_1_280' title='bbox 640 2694 787 2721; x_wconf 79' lang='lat' dir='ltr'>sensum,</span> <span class='ocrx_word' id='word_1_281' title='bbox 818 2680 890 2715; x_wconf 89' lang='lat' dir='ltr'>vid.</span> <span class='ocrx_word' id='word_1_282' title='bbox 919 2679 956 2714; x_wconf 84' lang='lat' dir='ltr'>C.</span> <span class='ocrx_word' id='word_1_283' title='bbox 981 2679 1020 2714; x_wconf 88' lang='lat' dir='ltr'>F.</span> <span class='ocrx_word' id='word_1_284' title='bbox 1039 2679 1098 2714; x_wconf 91' lang='lat' dir='ltr'>W.</span> <span class='ocrx_word' id='word_1_285' title='bbox 1121 2678 1298 2713; x_wconf 85' lang='lat' dir='ltr'>Mullerus</span> <span class='ocrx_word' id='word_1_286' title='bbox 1328 2677 1366 2711; x_wconf 87' lang='lat' dir='ltr'>in</span> <span class='ocrx_word' id='word_1_287' title='bbox 1396 2677 1488 2712; x_wconf 89' lang='lat' dir='ltr'>Ann.</span> <span class='ocrx_word' id='word_1_288' title='bbox 1514 2677 1637 2712; x_wconf 83' lang='lat' dir='ltr'>Fleck.</span> <span class='ocrx_word' id='word_1_289' title='bbox 1662 2676 1787 2712; x_wconf 88' lang='lat' dir='ltr'>XCIII.</span> 
     </span>
     <span class='ocr_line' id='line_1_38' title="bbox 266 2739 397 2779; baseline 0.015 -10"><span class='ocrx_word' id='word_1_290' title='bbox 266 2746 301 2779; x_wconf 87' lang='lat' dir='ltr'>p.</span> <span class='ocrx_word' id='word_1_291' title='bbox 321 2739 397 2771; x_wconf 84' lang='lat'>490.</span> 
     </span>
    </p>

    <p class='ocr_par' dir='ltr' id='par_1_15' title="bbox 361 2789 1744 2837">
     <span class='ocr_line' id='line_1_39' title="bbox 361 2789 1744 2837; baseline -0.001 -12"><span class='ocrx_word' id='word_1_292' title='bbox 361 2796 401 2826; x_wconf 87' lang='lat'>10</span> <span class='ocrx_word' id='word_1_293' title='bbox 424 2791 609 2827; x_wconf 82' lang='lat' dir='ltr'>Excidisse</span> <span class='ocrx_word' id='word_1_294' title='bbox 637 2792 780 2828; x_wconf 71' lang='lat' dir='ltr'>videtur</span> <span class='ocrx_word' id='word_1_295' title='bbox 800 2796 981 2837; x_wconf 78' lang='lat' dir='ltr'>praelz&#39;tum</span> <span class='ocrx_word' id='word_1_296' title='bbox 1004 2792 1064 2827; x_wconf 89' lang='lat' dir='ltr'>vel</span> <span class='ocrx_word' id='word_1_297' title='bbox 1085 2795 1280 2837; x_wconf 79' lang='lat' dir='ltr'>superlicum</span> <span class='ocrx_word' id='word_1_298' title='bbox 1303 2789 1363 2826; x_wconf 84' lang='lat' dir='ltr'>vel</span> <span class='ocrx_word' id='word_1_299' title='bbox 1386 2794 1539 2825; x_wconf 82' lang='lat' dir='ltr'>collicum.</span> <span class='ocrx_word' id='word_1_300' title='bbox 1591 2791 1744 2826; x_wconf 77' lang='lat' dir='ltr'>Orellius.</span> 
     </span>
    </p>

    <p class='ocr_par' dir='ltr' id='par_1_16' title="bbox 360 2848 1076 2895">
     <span class='ocr_line' id='line_1_40' title="bbox 360 2848 1076 2895; baseline 0 -13"><span class='ocrx_word' id='word_1_301' title='bbox 360 2851 399 2882; x_wconf 81' lang='lat'>11</span> <span class='ocrx_word' id='word_1_302' title='bbox 427 2848 565 2883; x_wconf 82' lang='lat' dir='ltr'>Codex:</span> <span class='ocrx_word' id='word_1_303' title='bbox 592 2863 666 2884; x_wconf 79' lang='lat' dir='ltr'>nam</span> <span class='ocrx_word' id='word_1_304' title='bbox 691 2853 773 2895; x_wconf 82' lang='lat' dir='ltr'>quis,</span> <span class='ocrx_word' id='word_1_305' title='bbox 800 2849 900 2893; x_wconf 83' lang='lat' dir='ltr'>quod</span> <span class='ocrx_word' id='word_1_306' title='bbox 925 2848 1076 2883; x_wconf 84' lang='lat' dir='ltr'>correxi.</span> 
     </span>
    </p>
   </div>
  </div>
 </body>
</html>
