1968 3158
711 731 1310 787 PROLEGOMENA.

348 937 470 987 Quod
499 939 694 979 veterum
716 937 974 992 scriptorum
1005 937 1243 979 editoribus
1276 938 1453 980 concedi
1485 939 1608 995 solet,
1642 942 1691 982 ut
1723 955 1790 982 co—

232 1008 352 1062 piose
384 1006 615 1060 disserant,
648 1021 778 1061 quam
809 1006 987 1062 egregia
1017 1006 1163 1048 omnia
1185 1006 1274 1048 sint
1297 1007 1345 1048 in
1375 1022 1518 1063 opere,
1553 1009 1667 1064 quod
1698 1024 1790 1051 sus-

235 1076 432 1131 ceperint
463 1075 781 1117 emendandum
812 1076 878 1117 vel
910 1074 1167 1129 ornandum,
1202 1075 1414 1131 equidem,
1449 1076 1550 1118 dum
1580 1092 1636 1119 ne
1667 1093 1791 1133 prae-

233 1147 300 1187 ter
330 1144 503 1186 modum
535 1144 579 1185 id
609 1143 700 1198 fiat,
734 1157 822 1185 non
853 1143 1122 1199 reprehendo
1144 1146 1188 1186 et
1219 1144 1381 1200 aliquid
1413 1145 1603 1187 dandum
1637 1161 1791 1188 censeo

231 1213 346 1255 iusto
375 1214 608 1268 parentum
638 1212 787 1267 amori,
821 1213 894 1268 qui
923 1212 1156 1254 liberorum
1188 1212 1371 1255 virtutes
1404 1214 1610 1256 extollere
1642 1218 1791 1257 ament

232 1284 277 1324 et
321 1281 525 1324 naevulos
573 1284 648 1323 aut
693 1281 1046 1337 praetervideant
1097 1283 1173 1323 aut
1217 1281 1506 1325 dissimulent.
1587 1283 1787 1326 Abutan-

231 1352 304 1392 tur
340 1350 446 1392 licet
493 1350 926 1406 artificio-quodam3
973 1351 1019 1392 at
1065 1364 1194 1392 causa
1238 1350 1423 1392 honesta
1463 1354 1530 1393 est
1574 1354 1618 1394 et
1662 1353 1791 1395 venia

233 1419 376 1461 danda
406 1418 510 1473 erit,
544 1419 580 1461 si
609 1419 721 1460 forte
751 1418 1016 1474 perfecerint
1046 1421 1095 1460 ut
1124 1419 1265 1475 magis
1297 1419 1579 1463 innotescant
1610 1421 1790 1476 scripto-

231 1503 321 1543 res,
354 1487 508 1543 quibus
539 1488 714 1542 patroni
745 1488 1002 1530 obvenerint
1033 1489 1077 1530 et
1108 1487 1331 1544 elegantes
1364 1490 1408 1530 et
1437 1489 1670 1545 ingeniosi.

346 1557 499 1612 Itaque
543 1556 729 1598 maxime
773 1556 929 1599 vellem
974 1555 1081 1598 mihi
1128 1557 1408 1613 contigisset,
1454 1558 1567 1612 quod
1612 1558 1787 1614 Angelo

233 1625 363 1681 Maio,
395 1627 445 1667 ut
474 1640 632 1667 novam
663 1625 896 1667 editionem
928 1625 1142 1680 auspicari
1172 1640 1343 1680 possem
1375 1626 1429 1667 ab
1450 1626 1615 1682 insigni
1647 1626 1787 1682 laude,

233 1709 361 1750 quam
392 1694 554 1736 Fronto
592 1694 708 1735 inter
737 1693 957 1735 Romanos
996 1695 1188 1735 oratores
1226 1694 1447 1735 meruerit.
1518 1693 1646 1750 Novi,
1687 1695 1789 1750 quid

233 1763 285 1805 de
317 1763 420 1805 ¹eius
469 1762 713 1804 admirabili
759 1761 1005 1817 eloquentia
1045 1762 1244 1817 aequales
1285 1762 1522 1804 iudicarint
1553 1765 1597 1804 et
1626 1764 1786 1818 posteri

232 1832 363 1874 nimis
393 1831 520 1873 facile
554 1830 836 1885 crediderint,
885 1830 980 1884 sed,
1027 1830 1189 1885 fateor,
1236 1830 1470 1872 Frontonis
1510 1831 1712 1873 flosculos
1744 1834 1788 1874 et

229 1900 451 1956 imagines
483 1902 526 1942 et
555 1900 708 1941 inanes
738 1899 926 1941 tinnitus
963 1913 1053 1940 non
1085 1913 1181 1941 amo
1214 1901 1270 1954 et,
1304 1899 1340 1940 si
1371 1913 1522 1941 verum
1553 1900 1784 1942 dicendum

234 1971 313 2024 est,
348 1970 592 2011 contemno.
653 1967 896 2009 Profuisset
926 1966 1114 2010 hominis
1154 1967 1487 2023 existimationi,
1530 1969 1567 2010 si
1606 1983 1785 2024 operum

232 2037 439 2093 reliquiae
469 2052 492 2079 e
514 2036 732 2078 codicibus
763 2036 1056 2092 palimpsestis
1086 2051 1323 2092 numquam
1345 2039 1494 2079 erutae
1523 2037 1711 2079 fuissent
1742 2039 1786 2079 et

232 2106 307 2148 illa
338 2108 423 2162 est,
458 2108 506 2148 ut
536 2106 711 2161 opinor,
752 2120 842 2147 una
872 2105 1065 2147 omnium
1095 2105 1285 2147 virorum
1317 2105 1541 2146 doctorum
1572 2120 1676 2161 vox,
1710 2120 1788 2162 pro

232 2175 458 2230 thesauro,
507 2189 635 2230 quem
682 2188 808 2216 caeco
846 2173 979 2229 prolis
1020 2188 1163 2215 amore
1202 2173 1344 2216 Maius
1383 2173 1430 2215 in
1470 2174 1567 2216 sinu
1605 2174 1786 2225 foveret,

233 2258 374 2286 meros
421 2243 629 2286 carbones
676 2257 768 2285 esse
812 2243 1027 2284 inventos.
1089 2242 1228 2292 Quam
1273 2256 1417 2284 rerum
1456 2242 1582 2297 inops
1625 2242 1788 2284 Fronto

235 2313 312 2367 sit,
345 2312 430 2354 nisi
462 2326 590 2367 opere
621 2311 836 2367 perlecto,
870 2326 997 2353 nemo
1030 2311 1188 2353 credetg
1241 2310 1494 2353 Sententiae
1525 2325 1666 2366 neque
1699 2325 1786 2352 cre-

234 2381 338 2423 brae
371 2382 414 2422 et
442 2380 613 2436 futiles3
645 2380 856 2435 plurimae
887 2380 1115 2435 imagines,
1149 2380 1223 2421 sed
1248 2378 1440 2420 insulsae
1462 2380 1506 2420 et
1526 2379 1662 2420 nimia
1694 2381 1787 2420 arte

234 2448 476 2504 quaesitae3
521 2449 568 2490 in
605 2449 833 2490 verborum
869 2448 1037 2490 delectu
1067 2448 1220 2503 putida
1251 2447 1480 2503 diligentia
1519 2448 1563 2487 et
1592 2448 1786 2488 veterum

235 2517 551 2571 Romanorum,
585 2517 658 2571 qui
690 2519 791 2558 ante
823 2516 1075 2559 Ciceronem
1100 2516 1364 2569 floruerunt,
1398 2514 1514 2556 haud
1545 2515 1651 2556 satis
1683 2516 1786 2569 apta

235 2585 436 2628 imitatio,
479 2584 601 2634 Quod
622 2584 791 2626 confert
823 2585 876 2626 ad
907 2585 1182 2640 antiquitatis
1213 2584 1430 2637 notitiam,
1462 2583 1601 2637 primo
1631 2583 1787 2624 obtutu

237 2656 352 2696 certe
383 2668 473 2695 non
503 2668 711 2709 magnum
740 2652 923 2694 videtur.
985 2652 1170 2694 Dicendi
1212 2666 1351 2707 genus
1390 2665 1517 2692 nemo
1557 2651 1785 2694 admirabi—

235 2725 320 2777 tur,
353 2736 480 2764 nemo
501 2723 716 2777 sequetur.
760 2720 905 2763 Verba
925 2721 1122 2762 venditat
1142 2722 1185 2762 et
1205 2734 1330 2762 voces
1351 2721 1396 2762 et
1415 2720 1640 2774 praeterea
1660 2718 1784 2761 nihil.

351 2790 436 2832 Hic
472 2791 566 2832 fore
597 2790 792 2845 suspicor
823 2790 896 2844 qui
926 2789 1162 2843 mirentur,
1211 2803 1287 2830 cur
1326 2788 1623 2830 constituerim
1653 2787 1786 2829 talem

236 2860 491 2914 scriptorem
535 2858 804 2914 potissimum
849 2857 995 2911 edere,
1043 2857 1117 2912 qui
1155 2858 1305 2898 nostra
1345 2871 1447 2898 cura
1485 2858 1530 2898 et
1570 2856 1786 2897 industria

1453 2924 1510 2966 a*
