1968 3158
289 156 372 198 276

290 266 421 301 Feriae
446 264 602 299 feriatae
627 276 663 309 p.
691 268 756 299 223
780 276 813 298 v.
841 268 872 299 4.

289 322 414 357 Focilo
438 334 473 366 p.
501 324 544 355 88
568 332 601 354 v,
629 324 659 355 5.

290 379 385 412 Fuai]
401 390 437 423 p.
455 381 519 412 143
541 389 574 412 v.
596 381 648 411 14.
681 376 823 411 Abfuat
847 376 890 420 (2)
913 388 950 421 p.
971 380 1035 411 184

333 447 366 470 v.
394 439 425 468 4.

290 490 446 525 Garravi
475 503 540 534 pro
577 488 717 533 garrivi
741 501 777 534 p.
804 493 846 523 70
870 493 904 524 in
928 502 1031 535 marg.

290 546 443 581 Gaudeo
469 559 539 581 cum
564 553 686 590 quarto
712 558 792 580 casu
815 557 852 590 p.
872 549 914 581 51
939 558 971 580 v.
1000 549 1031 580 8.

289 602 489 638 Genetivus
527 612 630 637 casus
657 601 885 636 Graecorum
919 602 1035 636 nomi-

334 670 423 694 num
449 661 590 699 Achilli,
622 661 815 700 Alcibiadi,
848 661 1034 703 Euphrati,

333 719 490 759 Herculi,
507 718 696 760 Polycrati,
717 717 821 756 Ulixi,
840 714 905 749 sed
920 726 956 759 p.
970 718 1034 750 158

332 784 366 808 v.
391 776 435 807 20
459 774 613 807 Achillis.

290 831 667 871 Gerundiz'ponslruetio
683 831 822 863 insolita
837 840 873 873 p.
886 831 950 863 188
958 840 990 863 v.
1001 832 1032 863 9.

334 888 379 929 cf.
406 887 565 921 Corssen.
592 887 701 919 Beier.
728 895 763 928 p.
794 888 868 920 132.

288 942 390 977 Hora
413 941 539 986 tangit
561 953 597 986 p.
625 943 645 975 8
670 952 701 975 v.
730 944 783 975 24.

289 997 526 1034 Horribiliter
563 999 600 1041 (i.
632 1011 661 1032 e.
692 996 858 1041 mirifice)
896 996 1034 1042 scripta

336 1054 455 1091 oratio
480 1066 515 1099 p.
544 1058 587 1090 29
611 1066 644 1089 V.
671 1057 702 1088 4.

289 1111 471 1147 Ieiunium
492 1110 660 1156 polluere
684 1122 721 1155 p.
748 1114 790 1145 32
815 1122 848 1144 v.
877 1114 928 1145 10.

258 1157 261 1161 ’
287 1167 551 1213 Imperandum
574 1170 710 1211 passive
731 1180 798 1211 pro
826 1165 1034 1211 parendum

333 1236 368 1270 p.
397 1227 462 1259 140
487 1236 519 1258 v.
548 1227 579 1258 5.

288 1281 443 1326 Inguem
463 1292 531 1325 pro
555 1279 695 1325 inguen
718 1291 754 1324 p.
775 1283 824 1314 '89
848 1291 880 1314 v.
908 1283 960 1313 21.

223 1350 229 1357 ¹
288 1336 502 1382 Inpliciscar
526 1348 561 1381 p.
589 1339 628 1371 51
656 1347 689 1370 v.
718 1339 769 1370 14.

288 1392 449 1438 Inposivi
472 1405 507 1437 p.
530 1396 594 1427 100
617 1404 650 1426 v.
679 1394 720 1426 18
744 1405 762 1427 e
789 1394 927 1427 Catone.

287 1448 627 1495 Inpraesentiarum
657 1459 693 1492 p.
721 1451 762 1482 71
786 1460 822 1493 p.
850 1452 882 1483 6.

288 1505 494 1540 Intenditus
518 1517 554 1550 p.
583 1508 649 1539 225
673 1516 705 1539 v.
734 1507 786 1539 18.

288 1563 393 1608 Ipsus
416 1575 453 1608 p.
480 1565 525 1596 84
547 1573 580 1596 v.
610 1565 639 1595 1.

287 1619 432 1654 Irascor
447 1631 559 1658 sensu,
577 1625 613 1652 ul
629 1619 771 1658 videtur,
788 1621 926 1661 passivo
942 1621 1033 1663 p.82

332 1688 367 1712 v.
395 1676 566 1720 anhepen.

288 1732 419 1768 Iuvare
437 1732 485 1767 ad
499 1731 660 1776 aliquem
673 1730 825 1765 modum
834 1743 868 1776 p.
881 1736 965 1767 30v.
978 1736 1029 1767 15.

287 1788 500 1824 Laetandae
525 1799 583 1822 res
614 1800 650 1833 p.
680 1791 744 1822 120
767 1799 800 1822 v.
827 1792 857 1823 8.

288 1846 446 1889 Lavare,
478 1847 611 1880 verbum
642 1852 721 1890 quot
752 1849 939 1880 varietates
967 1859 1030 1890 pa-

334 1906 448 1946 tiatur,
472 1915 539 1936 una
555 1904 687 1946 syllaba
704 1909 902 1936 commutata
919 1914 954 1947 p.
976 1905 1029 1937 64.

288 1957 429 2004 Legere
454 1962 582 2002 duplici
603 1970 702 1992 sensu
726 1969 762 2002 p.
788 1960 832 1993 67
857 1969 891 1994 v.
920 1962 972 1993 15.

288 2014 511 2057 Litterator,
547 2017 567 2048 i.
602 2027 629 2048 e.
670 2018 726 2059 qui
756 2027 885 2058 pueros
910 2019 1032 2060 'legere

335 2078 368 2106 el
391 2073 542 2105 scribere
567 2073 666 2104 aocet
695 2081 743 2114 p.·
761 2074 823 2105 103
848 2082 880 2105 v.
909 2075 939 2106 9.

289 2126 452 2171 Mag-iras
468 2126 590 2160 facere
603 2137 639 2170 p.
650 2129 716 2161 223
732 2137 764 2161 v.
787 2131 839 2170 15,
856 2140 874 2161 e
892 2130 1029 2163 Catone.

288 2183 392 2218 Mare
417 2185 560 2217 ablativo
586 2195 667 2217 casn
687 2194 725 2227 p.
754 2186 795 2217 51
821 2194 853 2217 v.
883 2187 934 2218 11.
985 2188 1031 2228 ef.

335 2242 517 2274 Biielzeler.
550 2241 591 2273 de
615 2241 709 2275 Deel.
749 2241 829 2275 Lat.
866 2251 902 2284 p.
931 2244 972 2275 51
998 2248 1032 2276 et

336 2299 493 2331 Gorssen.
519 2297 739 2340 Ausspraelze
763 2295 780 2329 I
805 2299 881 2331 217.

288 2351 534 2397 Margaritum
566 2358 598 2386 et
628 2351 834 2397 Margarita
864 2365 900 2398 p.
926 2357 969 2389 38
999 2358 1034 2390 in

333 2422 438 2454 mary.

289 2465 449 2501 Materia
474 2465 628 2499 eruenta
651 2476 687 2510 p.
713 2469 779 2500 253
803 2477 836 2501 v.
863 2471 894 2502 3.

289 2522 394 2557 Meus
411 2528 518 2557 vocat.
537 2534 607 2556 cas.
624 2533 660 2566 p.
679 2525 722 2557 57
739 2534 772 2556 v.
793 2526 852 2566 173
870 2526 936 2558 253
952 2535 984 2558 v.
998 2527 1028 2559 8.

289 2578 475 2622 Miserere,
497 2581 644 2621 formula
668 2581 872 2614 obsecrandi
899 2585 949 2615 vel
968 2593 1031 2624 pe-

336 2639 430 2670 tendi
446 2638 597 2679 officiose
613 2638 741 2670 veniam
754 2638 922 2671 Frontoni
930 2639 1030 2679 fami-

335 2695 433 2726 liaris
457 2704 519 2726 nec
543 2704 608 2726 non
633 2694 682 2726 M.
712 2695 864 2728 Aurelio.

289 2747 477 2782 Modestus
501 2761 571 2782 cum
593 2761 669 2793 9en.
695 2759 730 2793 p.
758 2753 801 2783 50
824 2759 857 2783 v.
884 2749 938 2783 23.

290 2803 460 2838 Modifico
485 2815 520 2848 p.
548 2807 591 2839 65
615 2815 647 2839 v.
675 2809 706 2840 3.
748 2807 819 2839 Sed
840 2804 1032 2840 modificor

336 2871 371 2903 p.
402 2864 465 2894 133
489 2871 520 2894 v.
551 2864 603 2895 17.

738 150 928 187 INDICES
953 152 1019 186 AD
1051 150 1363 187 FRONTONEM.

1069 263 1211 298 Morsus
1235 263 1373 298 ventris
1401 276 1437 309 p.
1464 268 1505 299 91
1530 277 1564 300 v.
1593 269 1643 300 16.

1069 319 1146 354 Nos
1173 319 1287 354 ceberi
1309 332 1344 365 p.
1373 323 1435 355 101
1465 332 1497 355 v.
1523 331 1607 365 pen.

1069 375 1153 410 Nox
1171 387 1265 419 quae
1283 375 1460 420 sequitur,
1474 376 1533 411 fac
1549 377 1694 421 placide
1712 379 1812 423 quie-

1116 443 1195 467 scas
1219 444 1255 478 p.
1282 436 1326 467 94
1349 444 1382 467 v.
1409 436 1463 467 22.

1070 487 1222 523 Nullum
1256 491 1462 524 substantive
1499 494 1550 525 vel
1587 503 1658 525 eam
1699 495 1815 536 21ῖίρεὶ

1114 556 1150 590 p.
1180 547 1244 580 180
1267 557 1300 580 v.
1326 549 1358 580 4.

1071 600 1255 636 Oboedire
1287 615 1359 636 cnm
1382 615 1454 639 aec.
1481 615 1555 640 cas.
1574 615 1611 649 p.
1640 606 1704 639 134
1728 615 1761 639 v.
1780 607 1811 640 7.

1071 656 1234 693 Obsecro
1253 662 1294 694 de
1311 662 1377 694 diis
1393 662 1511 694 dicere
1527 673 1592 695 non
1611 663 1690 696 lieet
1713 672 1749 706 p.
1769 664 1812 696 99

1114 725 1148 748 v.
1176 718 1230 749 13.

1071 769 1261 816 Occupare
1291 770 1330 805 in
1360 771 1485 816 aliqua
1516 784 1556 807 re
1590 786 1657 818 pro
1687 772 1813 819 aliqua

1115 837 1155 861 re
1179 838 1215 872 p.
1243 830 1287 862 29
1312 839 1345 863 v.
1375 833 1427 864 19.

1070 881 1271 917 Oct-‚avidus
1307 897 1373 928 pro
1403 885 1544 927 :octavo
1582 885 1664 921 idus
1705 898 1740 933 p.
1768 890 1812 922 57

1114 951 1146 973 v.
1173 943 1204 974 4.

1071 994 1206 1030 Omnes
1230 997 1391 1032 universi
1415 1010 1450 1043 p.
1479 1003 1542 1035 127
1567 1011 1601 1034 ν.
1627 1003 1680 1035 16.

1069 1050 1319 1097 Panegyricus
1349 1057 1453 1089 subst.
1477 1068 1554 1100 yen.
1576 1059 1656 1100 sem.
1682 1068 1719 1102 p.
1747 1061 1811 1093 101

1114 1112 1148 1142 in
1172 1122 1276 1155 marg.
1298 1129 1305 1140 =
1790 1145 1793 1151 .

1070 1163 1161 1198 Cum
1172 1165 1315 1210 pennis,
1331 1178 1413 1202 cum
1428 1168 1687 1212 gubernaculis
1700 1182 1736 1216 p.
1748 1174 1812 1206 157

1112 1232 1145 1255 v.
1175 1226 1225 1257 13.
1269 1226 1384 1258 Maius
1408 1229 1551 1270 corrigit
1572 1225 1712 1270 pinnis,
1736 1231 1812 1262 coll.

1114 1279 1225 1313 Nonio
1242 1290 1274 1313 v.
1294 1279 1481 1325 bipennis:
1498 1282 1664 1326 nonnulli
1678 1283 1812 1327 guber—

1112 1334 1328 1370 naculorum
1366 1341 1493 1381 partes
1536 1338 1724 1374 tenuiores
1764 1339 1812 1375 ad

1112 1389 1207 1425 hano
1226 1391 1504 1428 similitudinem
1529 1394 1661 1439 pinnas
1678 1396 1812 1431 vocant

1113 1446 1315 1491 eleganter.
1348 1451 1420 1484 Sed
1434 1453 1480 1493 cf.
1495 1452 1629 1492 Quintil.
1647 1451 1664 1486 I
1679 1455 1702 1486 4
1719 1455 1738 1494 ξ
1758 1456 1810 1487 12.

1066 1501 1274 1548 Perfungor
1298 1517 1327 1542 c.
1354 1517 1425 1540 ace.
1449 1516 1486 1550 p.
1515 1510 1580 1542 135
1603 1519 1636 1542 v.
1666 1511 1717 1544 10.

1068 1558 1244 1594 Possideo
1269 1559 1308 1595 in
1331 1561 1490 1597 amando
1511 1562 1586 1598 vim
1610 1575 1646 1608 p.
1666 1568 1709 1600 27
1725 1576 1759 1600 v.
1777 1569 1809 1600 2.

1067 1614 1196 1651 Potest
1217 1629 1283 1661 pro
1307 1618 1433 1663 potest:
1455 1618 1537 1654 fieri
1559 1631 1595 1665 p.
1623 1624 1668 1655 48
1691 1633 1725 1656 v.
1753 1625 1809 1657 21.

1067 1671 1228 1708 Praecor
1253 1684 1465 1718 quaesoque
1488 1687 1524 1721 p.
1552 1679 1618 1712 260
1641 1689 1675 1712 v.
1701 1682 1755 1713 32.

1066 1727 1250 1764 Praedam
1274 1744 1295 1765 a
1318 1731 1503 1766 manubiis
1527 1735 1703 1778 distinquit
1728 1737 1811 1771 Cato

1112 1797 1147 1830 p.
1177 1789 1241 1821 100
1264 1797 1297 1821 v.
1326 1791 1378 1823 10.
1480 1795 1489 1802 “

1067 1841 1262 1878 Praeditus
1299 1847 1320 1878 ἰ.
1360 1858 1388 1879 e.
1431 1846 1666 1891 praepositus
1704 1859 1740 1893 p.
1767 1851 1810 1883 47

1112 1910 1144 1933 v.
1175 1903 1234 1942 193
1259 1911 1294 1945 p.
1322 1903 1387 1935 146
1410 1912 1443 1936 V.
1470 1906 1502 1937 3.

1068 1954 1227 1990 Proinde
1252 1956 1353 2002 quod
1375 1968 1411 2002 p.
1439 1959 1504 1993 237
1528 1970 1563 1995 v.
1590 1963 1619 1994 1.

1068 2011 1291 2048 Promovere
1309 2021 1430 2049 neutro
1453 2027 1554 2050 sensu
1575 2027 1612 2061 p.
1634 2020 1678 2052 53
1701 2028 1734 2052 v.
1755 2021 1807 2053 14.

1030 2098 1032 2100 ,
1067 2057 1285 2113 Prothymia
1308 2081 1343 2114 p.
1372 2073 1415 2105 26
1438 2082 1471 2106 v.
1498 2071 1563 2106 uli.

1067 2123 1343 2161 Pseudomenus
1382 2139 1455 2163 ace.
1491 2131 1581 2172 plur.
1622 2132 1811 2165 desinentia

1111 2193 1239 2224 yraeca
1261 2193 1298 2226 p.
1327 2185 1390 2216 146
1414 2193 1447 2217 v.
1474 2186 1506 2218 8.

1066 2235 1282 2281 Pythagora,
1298 2250 1383 2273 nom.
1397 2251 1478 2274 casu
1493 2242 1544 2275 bis
1557 2244 1631 2276 sine
1649 2253 1721 2287 sp.
1733 2246 1807 2278 114.

1068 2291 1186 2334 Quam
1211 2307 1278 2329 non
1299 2298 1528 2339 praecedente
1553 2297 1676 2342 potius
1703 2310 1740 2344 p.
1767 2303 1810 2335 75

1113 2360 1146 2383 v.
1174 2353 1224 2384 15.

1069 2403 1243 2447 Querella
1267 2409 1473 2453 corpusculi
1495 2421 1531 2455 p.
1560 2415 1601 2446 91
1626 2423 1659 2446 v.
1685 2415 1740 2447 27.

1070 2461 1139 2504 Qui
1161 2476 1227 2508 pro
1253 2463 1333 2507 quis
1357 2477 1393 2510 p.
1413 2469 1478 2501 165
1494 2478 1527 2502 v.
1547 2471 1599 2502 15.
1633 2469 1707 2503 Sed
1728 2468 1809 2512 quis

1114 2524 1148 2554 in
1194 2524 1431 2557 eiusdemmodi
1472 2527 1658 2559 elocutione
1695 2536 1732 2570 p.
1765 2527 1810 2559 64

1112 2588 1146 2612 v.
1171 2578 1237 2612 ult.

1068 2632 1272 2678 Quicquam
1302 2642 1499 2670 constanter
1527 2639 1688 2672 scribitur
1716 2641 1811 2682 apud

1112 2693 1332 2733 Frontonem,
1358 2704 1424 2726 non
1447 2692 1668 2737 quidquam,
1693 2706 1809 2729 secun-

1112 2751 1187 2782 dum
1216 2751 1372 2782 videlieet
1395 2751 1593 2792 Papiriam,
1624 2752 1808 2790 Prisciani,

1118 2807 1288 2839 Victorini
1315 2806 1502 2850 Bedaeqne
1529 2800 1750 2850 praeceptam
1773 2810 1806 2841 in

1112 2863 1249 2896 eumen.
1276 2864 1375 2904 2291,
1415 2864 1520 2904 2319,
1560 2864 1664 2905 2343,
1707 2865 1806 2897 2460.
