1968 3158
571 164 759 201 LAUDES
786 156 903 201 me
929 165 994 201 ΕΤ
1020 164 1257 202 PULvssms
1283 167 1353 202 ete.
1648 167 1729 210 211

677 456 751 508 M.
796 455 1218 511 FRONTONIS
1234 453 1243 479 ¹

506 555 755 604 LAUDES
791 556 951 604 FUMI
986 556 1067 604 ET
1104 557 1415 605 PULVERIS

586 712 817 757 LAUDES
849 644 1329 757 ΝΙέΊέΙῗῙΕΘΕΝΤΙΑΕ.

692 816 885 860 Caesari
915 827 1001 860 suo
1032 816 1230 861 Fronto.

302 907 501 964 Plerique
543 907 783 964 legentium
826 907 976 950 forsan
1023 922 1114 950 rem
1159 908 1210 950 de
1253 908 1382 950 titulo
1429 911 1724 964 contemnant,

187 975 298 1018 nihil
329 976 487 1018 serium
518 976 708 1032 potuisse
746 975 839 1026 fieri
870 975 922 1018 de
951 975 1071 1018 fumo
1109 978 1152 1018 et
1189 976 1410 1032 pulvere2:
1451 979 1498 1019 tn
1536 992 1614 1032 pro
1652 979 1726 1019 tuo

188 1044 415 1087 excellenti
461 1044 639 1101 ingenio
683 1043 877 1100 profecto
915 1044 1179 1087 existimavis
1216 1043 1310 1087 lusa
1355 1044 1412 1087 sit
1448 1059 1578 1099 opera
1615 1045 1725 1087 ista³

187 1126 244 1155 an
274 1112 429 1155 locata.

300 1180 383 1225 Sed
413 1195 480 1224 res
505 1195 679 1237 poscere
709 1181 879 1224 videtur
909 1181 960 1223 de
991 1181 1158 1224 ratione
1190 1181 1406 1224 scribendi
1436 1196 1574 1237 pauca
1604 1196 1724 1237 prae-

185 1249 284 1305 fari,
316 1249 428 1306 quod
458 1249 625 1292 nullum
655 1249 948 1292 huiuscemodi
981 1250 1186 1305 scriptum
1210 1249 1407 1292 Romana
1425 1249 1578 1305 lingua
1607 1252 1725 1291 extat

185 1317 291 1359 satis
329 1317 498 1372 nobile,
544 1317 630 1360 nisi
674 1318 786 1374 quod
823 1319 977 1374 poetae
1022 1317 1068 1359 in
1108 1317 1361 1360 comoediis⁴
1406 1317 1472 1359 vel
1511 1317 1725 1359 Atellanis

185 1385 470 1442 adtingerunt
481 1386 510 1428 ⁵.
565 1385 648 1436 Qui
678 1401 724 1442 se
753 1386 800 1428 in
832 1385 1039 1428 eiusmodi
1069 1385 1196 1427 rebus
1227 1386 1463 1428 scribendis
1494 1385 1722 1440 exercebit,

185 1454 356 1496 crebras
386 1454 625 1497 sententias
657 1455 894 1510 conquiret,
928 1468 1083 1510 easque
1114 1454 1244 1496 dense
1277 1453 1530 1509 conlocabit,
1564 1455 1607 1495 et
1627 1453 1723 1495 sub-

182 1521 320 1564 tiliter
350 1523 599 1579 coniunge-t,
631 1537 771 1578 neque
800 1522 931 1565 verba
961 1522 1098 1564 multa
1118 1522 1339 1578 geminata
1360 1522 1723 1578 supervacanea[⁰

182 1589 404 1632 inferciet:
436 1592 530 1632 tum
560 1605 732 1632 omnem
762 1591 1025 1632 sententiam
1056 1589 1243 1632 breviter
1273 1591 1316 1632 et
1346 1589 1452 1631 scite
1481 1589 1719 1632 concludet.

183 1657 325 1701 Aliter
354 1659 400 1700 in
432 1658 698 1701 orationibus
736 1658 986 1713 iudiciariis,
1025 1658 1099 1700 ubi
1130 1657 1275 1700 sedulo
1312 1672 1524 1712 curamus,
1556 1659 1605 1699 ut
1635 1657 1721 1713 ple-

182 1739 339 1782 raeque
377 1727 620 1770 sententiae
658 1726 804 1768 durius
843 1726 1061 1768 interdum
1103 1728 1146 1767 et
1194 1725 1437 1768 incautius⁷
1470 1726 1718 1767 finianturf'.

182 1792 266 1836 Sed
297 1796 448 1837 contra
477 1795 576 1837 istic
603 1794 900 1849 laborandum,
936 1792 1042 1853 [ut]⁹
1081 1808 1136 1836 ne
1174 1793 1275 1849 quid
1306 1793 1616 1836 inconcinnum
1654 1794 1720 1835 vel

182 1861 373 1905 hiulcum
403 1862 691 1918 relinquatur,
732 1863 837 1918 quin
873 1862 1019 1904 omnia
1057 1863 1106 1904 ut
1142 1861 1187 1904 in
1218 1861 1340 1904 tenui
1372 1863 1490 1904 veste
1527 1861 1612 1903 oris
1651 1862 1718 1903 de-

180 1932 301 1973 texta
331 1933 375 1973 et
404 1931 653 1973 revimentis
668 1932 698 1956 ¹⁰
731 1931 821 1972 sint
852 1930 1008 1973 cincta.

296 2094 311 2126 1
340 2089 455 2125 Tituli
479 2089 639 2135 vestigia
655 2089 850 2136 apparent.
884 2087 1004 2124 Maius
1027 2088 1196 2134 pluribus
1215 2088 1384 2134 disputat
1409 2088 1455 2123 de
1481 2088 1550 2123 hoc
1576 2088 1718 2124 ludicro

180 2147 327 2183 dicendi
351 2157 499 2192 genere.

292 2208 313 2240 2
337 2205 396 2239 An
419 2203 610 2240 intercidit
632 2207 726 2239 rati?
774 2205 1008 2247 Heindorfius.

292 2266 313 2298 3
336 2260 457 2296 Maius
480 2260 704 2296 vocabulum
729 2258 864 2295 omisit.

292 2320 315 2352 4
338 2317 508 2353 Alterum
531 2321 545 2352 i
569 2327 754 2362 suprascr.

294 2377 315 2409 5
338 2373 398 2409 Ita
421 2372 557 2409 Codex.

292 2433 313 2464 6
337 2429 473 2475 Incipit
496 2429 586 2465 eod.
612 2441 647 2475 p.
672 2433 750 2474 248,
777 2428 947 2465 obscura.

293 2490 313 2523 7
338 2486 572 2532 Schopenus:
608 2489 800 2530 incomtius,
833 2485 914 2521 coll.
942 2484 1093 2527 Quintil.
1119 2484 1217 2520 VIII.
1244 2488 1276 2518 6.
1303 2488 1356 2519 65.
1391 2483 1574 2528 Equidem
1600 2484 1714 2519 nialu-

179 2554 282 2579 eram
306 2546 474 2579 incultius.

292 2603 313 2635 8
338 2598 391 2635 cf.
419 2598 545 2635 Senec.
572 2598 640 2644 Ep.
670 2601 744 2633 114.
795 2600 919 2633 Maius.
980 2638 982 2646 Α

291 2659 312 2691 9
336 2654 407 2691 Vel
430 2663 493 2692 est.
542 2658 775 2699 Heindorfius.

272 2716 314 2748 10
339 2715 563 2748 Rem'mentum
587 2713 646 2746 est
668 2710 826 2746 fimbria.
875 2710 1047 2754 Namque
1071 2709 1108 2744 in
1126 2709 1311 2755 glossario
1336 2708 1528 2744 Philoxeni
1552 2712 1713 2743 revineen-

179 2777 245 2805 tum
275 2767 483 2814 explicatur
507 2768 769 2813 παραετροφή.
817 2767 913 2802 Tum
943 2766 981 2801 in
1007 2765 1134 2811 Cyrilli
1165 2766 1281 2801 lexico
1313 2766 1568 2810 παραετρέφω
1594 2764 1713 2800 reddi-

177 2828 239 2862 tur
263 2828 370 2862 rebio.
417 2825 590 2870 Intellige
615 2825 741 2860 autem
764 2827 874 2864 renio,
906 2822 1121 2868 ibidemque
1145 2834 1213 2868 pro
1238 2826 1455 2858 redimentum
1480 2822 1600 2858 scribe
1624 2826 1711 2857 revi-

175 2890 329 2919 mnetum.
381 2884 507 2918 Maius.

1351 2936 1405 2979 14
1417 2937 1440 2960 *
