1968 3158
512 165 578 202 AD
604 165 652 203 M.
673 165 933 203 CAESAREM
957 166 1020 203 ET
1046 165 1251 204 INVIOEM
1276 166 1421 204 LIBER
1445 167 1489 203 11.
1720 171 1777 213 39

230 297 323 325 mas
353 277 523 325 secutus
563 282 664 337 sim,
706 282 919 325 rationem
958 297 1103 325 veram
1143 284 1187 325 et
1229 283 1493 326 sententiam
1523 285 1655 327 tuam.
1718 284 1773 327 Di

229 350 379 405 velint,
412 353 462 393 ut
491 365 660 406 semper
690 352 803 407 quod
833 366 975 408 agam,
1009 351 1196 395 secundo
1226 351 1384 395 iudicio
1414 354 1511 407 tuo,
1549 352 1608 395 mi
1638 354 1773 410 magi-

229 420 332 474 ster,
365 420 516 476 agam!

343 485 476 530 Vides
507 487 608 544 quid
646 487 800 530 horae¹
842 487 923 530 tibi
961 488 1209 531 rescribam.
1271 488 1386 531 Nam
1422 491 1522 545 post
1560 489 1773 533 consulta-

229 555 392 598 tionem
424 556 658 599 amicorum
696 555 743 599 in
773 555 855 598 hoc
885 557 1055 611 tempus
1087 556 1243 613 collegi
1274 557 1419 599 sedulo
1459 572 1509 600 ea
1546 574 1656 614 quae
1694 574 1773 601 nos

227 626 466 679 moverant,
513 626 562 667 ut
606 623 793 666 Domino
837 624 958 666 meo²
1003 624 1315 680 perscriberem
1353 626 1626 682 faceremque
1674 642 1773 670 eum

227 693 353 735 nobis
382 693 429 735 in
458 692 543 735 isto
573 707 740 748 quoque
770 692 949 748 negotio
979 694 1266 747 praesentem.
1300 693 1437 735 Tum3
1468 695 1639 738 demum
1669 701 1769 749 θαρ-

228 762 338 814 (ήεω
367 764 460 804 τοῖς
491 761 858 816 βεβουλευμένοις,
891 775 988 802 cum
1018 760 1183 802 fuerint
1213 761 1267 803 ab
1298 761 1372 803 illo
1405 764 1695 819 comprobata.

341 828 615 883 Orationem,
658 843 743 884 qua
790 843 964 871 causam
993 830 1190 871 nostram
1226 829 1486 885 defendisti,
1535 831 1770 875 Faustinae

226 897 494 940 0111111081111114
543 897 768 939 ostendam
813 899 856 939 et
900 911 1030 954 agam
1074 897 1240 958 gratias
1290 899 1329 941 ei
1374 899 1486 954 quod
1523 900 1629 942 mihi
1669 901 1769 944 talis

225 965 411 1021 epistula
440 967 516 1008 tua
546 965 730 1022 legenda
752 980 802 1008 ex
823 965 908 1008 isto
929 965 1105 1022 negotio
1135 967 1241 1008 nata
1272 969 1351 1009 est.
1386 966 1506 1010 Bone
1537 970 1581 1010 et
1608 969 1769 1024 optime

224 1033 435 1091 magister
464 1034 573 1076 vale.

870 1151 1117 1201 Recoqnovi.

851 1283 1134 1321 EPISTULAR.

753 1376 812 1419 M.
844 1376 1241 1421 FRONTONIS

694 1448 699 1459 ⁷
851 1478 1134 1516 EPISTULAR.

880 1575 990 1614 LIB.
1023 1575 1079 1614 11.
1092 1573 1108 1598 5

339 1745 356 1776 1
381 1741 555 1787 Legerim
580 1745 693 1778 hodie.
734 1741 982 1777 Heindorfius.

334 1804 354 1834 2
378 1798 499 1834 Maius
524 1798 703 1844 intelligit
727 1798 766 1833 L.
786 1798 942 1842 Verum;
968 1810 1043 1834 non
1067 1798 1199 1834 dubito
1226 1798 1315 1844 quin
1339 1810 1461 1834 sermo
1487 1799 1536 1834 sit
1560 1800 1606 1835 de
1631 1800 1708 1836 Pio.

335 1860 356 1891 3
383 1854 524 1891 Codex:
551 1864 648 1890 tuum.
874 1867 879 1870 “

332 1916 354 1948 4
378 1913 436 1948 Ita
461 1911 596 1948 CodeX.
646 1911 766 1948 Aliter
796 1911 928 1947 Maius.
961 1933 1005 1937 —
1036 1912 1139 1955 Quae
1169 1912 1396 1949 Niebuhrius
1428 1914 1598 1960 disputat
1634 1914 1680 1950 de
1713 1915 1760 1950 M.

218 1969 360 2005 Aurelii
385 1969 514 2004 uxorio
532 1968 668 2013 animo,
695 1969 847 2015 egregie
873 1969 975 2004 dicta
998 1971 1095 2014 sunt,
1120 1970 1186 2005 sed
1210 1982 1255 2006 ea
1278 1970 1361 2016 ipsa
1385 1971 1527 2007 ducunt
1551 1971 1600 2007 ad
1623 1983 1762 2007 annum

221 2030 302 2070 143,
332 2036 408 2062 11011
438 2026 488 2062 ad
511 2026 604 2061 illud
627 2025 795 2072 tempus,
831 2038 915 2062 cum
938 2027 1151 2072 Imperator
1177 2028 1215 2063 et
1238 2026 1419 2063 Faustina
1442 2028 1518 2063 iam
1542 2028 1675 2073 viginti
1700 2040 1762 2064 an-

219 2095 286 2118 nos
309 2082 549 2119 matrimonio
574 2083 691 2118 iuncti
716 2084 850 2119 essent.
1687 2083 1689 2085 ’

332 2145 352 2176 5
377 2139 493 2175 Addit
517 2139 703 2185 quaedam
719 2139 840 2176 Maius
857 2140 896 2175 in
912 2141 1004 2176 nota
1016 2140 1083 2176 Ed.
1098 2141 1262 2185 Mediol.‚
1288 2142 1382 2178 adeo
1407 2142 1586 2188 perplexe
1610 2143 1761 2189 scripta,

217 2198 259 2233 ut
282 2209 392 2233 1101110
416 2197 607 2242 intelligat
640 2196 731 2242 quid
761 2196 872 2233 dicat.
921 2197 1028 2233 Vidit
1052 2199 1196 2243 tamen,
1222 2200 1264 2234 ut
1289 2199 1437 2245 opinor,
1466 2199 1504 2235 in
1535 2199 1761 2246 paginarum

215 2254 418 2290 frontibus:
447 2257 559 2300 Epist.
586 2258 634 2289 ad
650 2257 701 2289 M.
720 2256 862 2290 Caesar.
892 2257 966 2290 Lib.
986 2258 1044 2299 Il,
1072 2255 1173 2300 qnod
1197 2255 1236 2291 in
1259 2256 1331 2298 hoc
1354 2257 1451 2292 libro
1478 2257 1666 2302 singulare
1692 2259 1759 2293 est.

218 2310 370 2360 Ceteros
394 2311 511 2347 libros
536 2321 665 2347 omnes
701 2311 758 2346 his
787 2311 1014 2358 paginarum
1043 2312 1163 2348 titulis
1195 2313 1355 2349 caruisse
1393 2325 1508 2360 supra
1539 2313 1624 2349 dixi.
1687 2313 1760 2350 Sed

217 2379 326 2404 nemo
362 2368 439 2404 iam
475 2367 666 2404 dubitabit
696 2368 741 2404 de
771 2370 943 2415 tempore
980 2380 1054 2414 quo
1084 2370 1243 2406 Matidia
1280 2370 1383 2406 obiit.
1447 2370 1554 2413 Quod
1591 2372 1758 2416 superest

217 2424 415 2460 Matidiam
438 2425 639 2460 memorari
663 2424 700 2460 in
725 2425 841 2472 Epist.
861 2426 888 2461 Ι.
915 2426 979 2461 lib.
998 2427 1032 2462 ΙΙ
1058 2427 1107 2462 ad
1129 2427 1266 2462 Anton.
1291 2428 1397 2473 Imp.‚
1428 2427 1526 2463 infra
1549 2427 1757 2462 videbimus

218 2481 334 2517 verba
356 2481 396 2516 in
421 2480 555 2517 Codice
581 2482 741 2518 evanida
765 2493 858 2518 esse.
