1968 3158
253 134 338 176 226
554 120 557 123 “
711 132 758 167 Μ.
793 131 1018 167 CORNELII
1048 131 1324 167 monronis

254 247 475 303 deligitur3
506 245 678 288 ubertas
700 246 778 288 soli
808 245 896 287 otio
925 247 1142 301 paratura.
1195 245 1305 295 Quid
1335 246 1517 288 maiores
1537 247 1681 301 vestri,
1705 247 1777 302 qui

253 329 386 370 remp.
420 316 462 356 et
491 315 717 369 imperium
737 314 980 356 Romanum
999 315 1170 370 magnis
1194 315 1389 356 auctibus
1410 315 1648 357 auxerunt?
1677 315 1778 357 Pro-

254 398 355 425 avus
400 383 568 424 vesterb
613 397 801 424 summus
837 383 1020 424 bellator
1055 385 1200 424 tamen
1246 382 1526 424 histrionibus
1563 382 1778 425 interdum

254 466 344 493 sese
375 450 603 492 delectavit
632 453 675 492 et
699 453 926 505 praeterea
956 451 1122 506 potavit
1153 451 1258 492 satis
1289 452 1482 504 strenue3
1512 443 1668 492 tamen*
1689 450 1778 492 eius

253 533 381 574 opera
410 518 592 574 populus
620 518 839 560 Romanus
877 520 922 561 in
957 518 1186 574 triumphis
1224 518 1409 560 mulsum
1447 518 1614 572 saepius
1653 517 1776 559 bibit.

253 591 392 629 Avom
428 587 533 628 item
569 588 758 628 vestrum
798 585 957 644 [duum]
974 587 1008 641 ¹,
1049 587 1220 628 doctum
1264 586 1504 641 principem
1541 588 1585 627 et
1623 599 1779 628 navom

253 655 320 697 et²
351 654 464 697 orbis
493 656 705 696 terrarum
735 668 823 696 non
853 654 1029 710 regendi
1069 656 1240 696 tantum
1278 654 1351 695 sed
1391 653 1520 695 etiam
1557 653 1780 708 perambu-

252 723 371 764 landi
401 722 674 778 diligentem,
714 722 980 764 modulorum
1016 723 1163 764 tamen
1203 724 1246 763 et
1275 721 1502 763 tibicinum
1541 721 1680 763 studio
1711 721 1779 762 de-

252 791 444 832 vinctum
479 789 611 831 fuisse
655 790 831 844 scimus,
879 792 922 832 et
966 791 1188 845 praeterea
1230 788 1507 844 prandiorum
1543 788 1779 843 opimorum

253 873 415 900 esorem
445 858 654 913 optimum
683 857 829 900 fuisse.

364 927 457 968 Iam
477 940 576 968 vero
606 928 729 981 pater
758 927 899 967 vester
929 925 1097 967 divinus
1127 925 1200 966 ille
1224 924 1289 967 vir
1318 925 1586 980 providentia
1596 924 1626 980 3,
1659 925 1778 980 pudi-

253 995 374 1050 citia,
422 993 696 1050 frugalitate,
742 993 1013 1048 innocentia,
1058 994 1241 1049 pietate,
1295 992 1600 1047 sanctimonia,
1641 992 1779 1034 omnis

252 1055 467 1105 0111111111114
506 1061 751 1117 principum
788 1061 971 1102 virtutes
1009 1075 1329 1117 supergressus,
1377 1062 1522 1102 tamen
1561 1062 1604 1102 et
1638 1059 1778 1114 palae-

252 1133 386 1172 stram
415 1131 635 1185 ingressus
666 1130 804 1170 est-et
833 1128 1032 1171 hamum5
1062 1129 1268 1171 instruxit
1299 1130 1341 1170 et
1371 1142 1539 1170 scurras
1568 1128 1701 1170 risite.

364 1196 486 1239 Nihil
523 1196 574 1238 de
605 1196 708 1239 Caio
739 1195 920 1238 Caesare
959 1196 1053 1238 dico
1092 1197 1296 1238 acerrimo
1328 1195 1579 1251 Cleopatrae
1612 1195 1777 1250 hosted,

252 1265 360 1307 nihil
391 1265 441 1306 de
472 1265 671 1320 Augusto
708 1263 853 1306 Liviae
890 1264 995 1306 viro.
1057 1263 1287 1305 Romulum
1323 1264 1465 1319 ipsum
1500 1256 1617 1305 urbis
1652 1263 1793 1306 huius.

253 1331 555 1386 conditoremss,
596 1346 692 1373 011111
730 1331 918 1373 hostium
952 1332 1103 1374 ducem
1141 1347 1271 1374 manu
1311 1332 1545 1374 comminus
1585 1332 1780 1373 conserta

251 1400 526 1442 obtruncavit
563 1414 741 1455 cumque
771 1400 908 1454 spolia
945 1400 1129 1455 opimal⁷
1169 1400 1359 1442 Feretrio
1400 1399 1540 1441 vexit3
1553 1433 1564 1454 ,
1603 1398 1776 1446 huncne

250 1469 371 1510 tenui
408 1467 526 1509 victu
558 1481 683 1508 usum
719 1466 877 1522 putas?
913 1467 1113 1509 Profecto
1151 1459 1289 1522 neque
1328 1467 1518 1509 esuriens
1556 1467 1779 1521 quisquam

251 1550 388 1591 neque
419 1534 653 1577 abstemius
693 1535 882 1576 animum
910 1534 1150 1577 induxisset
1178 1534 1369 1590 virgines
1400 1534 1566 1576 adultas
1604 1534 1655 1575 de
1686 1548 1778 1588 spe-

253 1603 431 1646 ctaculis
460 1616 624 1657 rapere.
657 1601 798 1651 Quid?
835 1602 978 1645 Numa
1008 1617 1138 1645 senex
1169 1595 1461 1644 sanctissimus
1491 1616 1648 1655 nonne·
1665 1601 1779 1643 inter

251 1672 339 1713 liba
370 1673 412 1712 et
442 1670 628 1712 decimas
663 1670 956 1725 profanandas
987 1673 1030 1713 et
1066 1671 1367 1712 suovetaurilia
1404 1670 1633 1712 mactanda
1664 1671 1778 1711 aeta-

250 1741 339 1780 tem
369 1739 472 1794 egit,
503 1738 750 1793 epulorum⁹
781 1738 977 1793 dictator,
1016 1753 1217 1780 cenarum
1246 1738 1418 1793 libator,
1450 1738 1654 1779 feriarum
1683 1751 1779 1791 pro-

250 1805 505 1862 mulgator?
535 1805 784 1848 Saturatum
814 1808 858 1848 et
876 1806 1079 1847 feriatum
1106 1806 1213 1847 dico.
1249 1804 1470 1863 [Nunquid
1489 1804 1552 1861 tu]
1586 1804 1778 1847 esurialis

365 1886 388 1910 a
412 1877 457 1909 In
480 1877 646 1919 margine:
672 1873 821 1917 Hortus,
845 1886 880 1918 q.
901 1884 930 1908 e.
947 1886 997 1919 p.,
1022 1873 1167 1919 indiget
1183 1873 1356 1909 stercoris
1381 1884 1468 1919 ope;
1492 1873 1662 1918 frugibus
1687 1883 1779 1917 ager

251 1931 444 1976 requietus
469 1929 635 1974 eligitur3
659 1930 812 1965 ubertas
837 1941 865 1965 s.
893 1940 925 1965 ο.
950 1931 1116 1975 paratur.

363 1987 388 2021 b
413 1989 459 2021 In
482 1990 648 2031 mar-gine:
680 1986 872 2021 Traianus.

365 2055 385 2078 0
408 2046 454 2078 In
476 2046 643 2086 margine:
669 2042 850 2078 Traianus
874 2042 1114 2078 histrionibus
1139 2042 1343 2078 delectatus
1369 2043 1406 2077 et
1427 2042 1524 2077 vino.
1564 2041 1776 2078 Hadrianus

251 2100 486 2135 modulorum
509 2100 548 2134 et
570 2098 764 2133 tibicinum
788 2098 911 2134 studio
929 2098 1119 2134 devinctus
1143 2099 1224 2134 fuit.
1257 2098 1466 2133 Antoninus
1484 2099 1522 2133 et
1548 2098 1776 2144 palaestram

250 2157 440 2202 ingressus
465 2155 522 2189 est
547 2157 584 2190 et
607 2154 797 2189 theatrum
820 2154 994 2189 instruxit
1018 2155 1056 2189 et
1078 2166 1223 2190 scurras
1248 2155 1338 2190 risit.

365 2212 389 2246 d
413 2214 458 2246 In
480 2214 647 2256 maryz‘ne:
673 2210 786 2246 Gaius
811 2210 945 2246 Caesar
968 2210 1084 2245 hostis
1109 2210 1340 2256 Cleopatrae,
1364 2212 1451 2256 post
1473 2211 1658 2246 moechus

366 2285 384 2315 1
408 2280 526 2315 Locus
558 2279 680 2314 exstat
711 2279 811 2324 apud
841 2278 1046 2314 Charisium
1075 2278 1139 2313 lib.
1168 2282 1185 2313 1
1219 2290 1254 2323 p.
1283 2282 1347 2313 127
1370 2278 1483 2322 Keil.‚
1521 2279 1586 2314 sed
1620 2278 1773 2314 mirifice

253 2337 455 2385 corrup-tus.
503 2335 562 2370 Ab
588 2346 632 2370 eo
656 2334 775 2370 Maius
799 2335 929 2370 sumsit
952 2339 1066 2379 duum,
1097 2335 1194 2380 quod
1226 2335 1460 2370 Heindorfius
1491 2337 1616 2371 censet
1647 2336 1685 2370 in
1711 2335 1776 2371 Co—

253 2394 332 2429 dice
357 2393 457 2428 recte
475 2391 612 2427 abesse.
646 2391 701 2427 De
719 2391 839 2427 forma
863 2396 960 2428 duum
984 2391 1056 2427 vid.
1076 2391 1268 2427 Bucheler.
1295 2391 1341 2427 de
1357 2391 1538 2427 Declinat.
1562 2392 1643 2427 Lat.
1662 2404 1698 2437 p.
1716 2396 1773 2427 43.

363 2454 384 2485 2
410 2447 543 2484 Omisit
564 2447 684 2483 Maius
709 2455 752 2484 et.

364 2510 385 2541 3
408 2506 467 2540 Ita
492 2504 627 2540 Codex.
674 2504 811 2540 Maius:
834 2508 1029 2550 prudentia.

363 2566 387 2597 4
411 2561 544 2597 Omisit
565 2561 684 2597 Maius
708 2565 858 2598 omnium.
1420 2593 1428 2599 .

363 2622 384 2654 5
410 2617 463 2654 Cf.
487 2619 606 2664 Marg.
655 2618 750 2654 Vide
774 2621 901 2655 tamen
926 2617 1121 2664 Capitolin.
1147 2618 1185 2653 in
1210 2617 1276 2654 Pio
1301 2630 1331 2654 c.
1359 2622 1411 2653 11.

364 2680 384 2710 6
410 2674 498 2710 Ood.
524 2687 580 2720 pr.
605 2687 654 2711 m.
679 2679 917 2711 condictorem.

365 2735 384 2765 7
408 2731 544 2776 Incipit
568 2731 655 2767 Cod.
686 2744 722 2777 p.
749 2736 827 2767 225.

364 2790 385 2821 8
409 2790 505 2822 Fiaez't
530 2787 658 2823 Orellii
683 2789 741 2824 est
765 2787 934 2834 suspicio.

365 2846 385 2876 9
409 2842 632 2879 Niebuhrius
658 2845 812 2889 corrigit
835 2849 1021 2890 epulonum.
