1968 3158
481 188 547 224 AD
572 187 620 224 M.
641 187 905 226 CAERAREM
931 188 993 224 ET
1019 187 1222 224 INVICEM
1247 187 1391 224 LIBER
1416 188 1478 224 111.
1695 190 1748 232 57

209 305 338 349 saluti
377 306 510 360 esset,
564 306 607 347 et
643 318 737 347 reos
785 304 1018 347 clementer
1064 304 1347 361 obiurgasset.
1416 303 1501 346 Ubi
1541 303 1750 347 vivarium

209 373 477 429 dedicabitis,
517 375 734 416 memento
764 388 892 430 quam
923 373 1267 429 diligentissime,
1308 372 1345 415 si
1374 372 1488 415 feras
1519 373 1747 429 percuties,

209 442 386 499 equum¹
422 442 662 485 admittere.
727 441 911 484 Galbam
943 444 1057 484 certe
1093 442 1147 484 ad
1177 441 1493 485 Centumcellas
1525 442 1747 498 produces.

209 510 282 554 An
318 513 443 567 potes
483 511 703 554 octavidus
748 509 894 552 Lorii?
954 509 1083 565 Vale,
1138 509 1342 553 Domine:
1395 510 1510 566 patri
1563 510 1747 567 placeto,

207 579 337 622 matri
368 580 436 622 dic
467 579 664 634 salutem,
697 593 765 621 me
796 578 1049 620 desiderato.
1113 578 1218 622 Cato
1250 579 1351 634 quid
1382 579 1498 621 dicat
1527 579 1579 621 de
1610 579 1749 622 Galba

209 649 420 703 absoluto,
460 650 509 690 tu
541 647 695 690 melius
732 647 836 702 scis3
887 661 967 703 ego
1006 647 1183 689 memini
1228 649 1407 703 propter
1443 647 1592 690 fratris
1637 648 1748 690 filios

209 733 306 760 eum
336 709 592 759 absolutum.
639 716 700 759 Τὸ
731 717 776 758 δ’
806 715 974 769 ἀκριβὲς
1004 715 1096 771 ipse
1126 715 1331 771 inspice2.
1365 716 1471 759 Cato
1500 716 1636 773 igitur
1665 717 1748 759 dis-

207 785 359 828 suadet
388 800 496 828 neve
527 799 625 828 suos
656 783 962 837 neve0alienos
997 784 1092 840 quis
1123 784 1281 827 liberos
1321 784 1373 826 ad
1410 785 1748 828 misericordiam

208 853 524 896 conciliandam
554 853 778 910 producat,
818 867 926 894 neve
965 867 1130 908 uxores,
1168 867 1276 895 neve
1308 853 1492 909 adfines,
1532 854 1599 896 vel
1637 854 1747 896 ullas
1799 901 1807 908 ⁴

207 922 384 965 omnino
413 922 612 966 feminas.
674 921 905 964 Dominam
935 922 1118 964 matrem
1148 921 1301 964 saluta.

678 1035 820 1080 XXI.
870 1035 1102 1090 Magistro
1132 1035 1249 1079 Meo.

320 1128 450 1171 Mane
481 1129 535 1171 ad
564 1131 608 1171 te
638 1143 728 1171 non
759 1127 926 1184 scripsi,
967 1128 1067 1184 quia
1097 1130 1140 1170 te
1180 1128 1509 1171 commodiorem
1547 1144 1638 1172 esse
1677 1146 1747 1172 au-

207 1197 383 1252 dieram,
425 1199 468 1240 et
503 1198 604 1254 quia
640 1198 732 1254 ipse
769 1197 817 1239 in
847 1196 931 1240 alio
961 1196 1137 1253 negotio
1175 1199 1410 1253 occupatus
1441 1199 1629 1254 fueram3
1667 1213 1748 1241 nec

206 1265 398 1308 sustineo
429 1266 482 1308 ad
512 1268 554 1308 te
584 1281 788 1322 umquam
828 1266 1058 1326 quicquam
1096 1265 1296 1321 scribere,
1336 1266 1422 1308 nisi
1459 1267 1665 1310 remisso³
1705 1270 1749 1310 et

206 1334 346 1377 soluto
386 1336 430 1377 et
466 1334 601 1377 libero
641 1335 799 1378 animo.
859 1335 1002 1391 Igitur
1041 1334 1076 1377 si
1114 1336 1231 1377 recte
1269 1350 1429 1391 sumus,
1479 1336 1550 1378 fac
1588 1351 1656 1378 me
1700 1339 1749 1379 ut

206 1403 364 1446 sciam:
406 1403 508 1460 quid
539 1403 654 1446 enim
684 1405 851 1460 optem,
886 1404 991 1459 scis,
1037 1419 1166 1460 quam
1190 1404 1222 1461 β
1252 1404 1406 1446 merito
1437 1406 1596 1460 optem,
1643 1405 1745 1447 scio.

204 1470 328 1526 Vale,
360 1486 480 1514 meus
510 1472 731 1529 magister,
773 1472 846 1528 qui
880 1473 1035 1515 merito
1067 1473 1181 1528 apud
1213 1473 1405 1515 animum
1434 1488 1578 1515 meum
1608 1474 1747 1516 omnis

205 1540 322 1582 o'mni
351 1555 398 1583 re
428 1541 626 1596 prevenis
637 1542 665 1584 5.
726 1541 788 1583 Mi
817 1541 1047 1597 magister,
1081 1556 1179 1584 ecce
1209 1557 1298 1584 non
1329 1542 1527 1597 dormito,
1566 1544 1609 1585 et
1641 1557 1747 1598 cogo

204 1623 273 1651 me
303 1610 352 1651 ut
381 1609 603 1665 dormiam,
636 1624 691 1652 ne
721 1612 770 1652 tu
799 1610 1012 1652 irascaris
1055 1611 1271 1653 Aestimas
1303 1610 1450 1667 utique
1480 1625 1548 1653 me
1568 1626 1747 1668 vespera

203 1676 317 1721 haec«
341 1677 540 1722 scribere.

477 1807 677 1848 Caecilius
705 1804 867 1862 s(ae)pe
898 1804 1107 1861 (r)oqatus
1135 1810 1217 1859 Zeqi
1244 1810 1467 1850 emendavi.

651 1944 768 1996 'AD
807 1953 866 1996 M.
900 1953 1270 1997 CAESAREM
1330 1996 1336 1998 ,

765 2038 874 2077 LIB.
906 2037 988 2076 III.
1020 2038 1188 2077 EXPL.

832 2113 1114 2150 EPISTULAR.

767 2186 880 2226 INO.
912 2186 1021 2226 LIB.
1054 2184 1178 2226 ΙΙΙΙ.6

318 2359 334 2390 1
363 2354 505 2390 Codex:
533 2361 566 2389 et
591 2368 698 2400 quum.

316 2415 336 2446 2
363 2403 407 2446 cf.
435 2409 508 2446 Cic.
534 2410 574 2446 in
596 2410 713 2447 Bruto
739 2415 794 2447 23.

317 2472 338 2503 3
363 2466 505 2503 Codex:
531 2471 696 2503 remissio.

316 2527 338 2558 4
362 2523 497 2570 Incipit
521 2523 609 2559 Cod.
636 2523 721 2560 Vat.
748 2537 784 2570 p.
807 2529 881 2561 179.

317 2586 337 2616 5
362 2581 422 2616 Ita
447 2580 583 2617 Codex.
1415 2627 1417 2629 Ι

298 2639 336 2672 ’6
361 2637 466 2673 Hanc
497 2637 810 2684 subscriptionem
832 2638 953 2675 Maius
990 2652 1028 2677 se
1059 2640 1196 2676 vidisse
1227 2641 1406 2684 testatur-3
1447 2641 1558 2677 hodie
1589 2643 1743 2688 praeter

199 2695 345 2730 incerta
369 2694 555 2739 quaedam
579 2694 741 2740 vestigia
765 2695 890 2731 omnia
914 2699 1155 2733 evanuerunt.
1216 2698 1307 2733 Post
1330 2702 1378 2733 ad
1401 2701 1451 2736 M.
1473 2701 1653 2734 Caesar-em
1678 2700 1741 2736 ali-

202 2751 292 2796 quid
323 2751 503 2798 scriptum
531 2751 644 2787 fuisse
675 2752 838 2788 videtur:
875 2754 1034 2790 fortasse
1065 2755 1128 2789 ET
1155 2754 1367 2790 INVICEM.
1424 2755 1573 2791 Caecilii
1604 2768 1741 2792 nomen

202 2807 280 2844 sine
304 2807 464 2854 vestigio
489 2807 619 2854 periit:
646 2808 726 2853 quis
742 2809 865 2853 fuerit,
889 2810 1117 2856 ignoramus,
1150 2810 1322 2847 Ridicula
1339 2813 1396 2848 est
1414 2812 1627 2848 coniectura
1640 2813 1740 2857 Maii,

202 2876 277 2910 qua
306 2865 504 2911 repudiata
533 2865 614 2911 ipse
643 2865 681 2900 in
712 2866 904 2902 Addendis
937 2867 1104 2913 cogitare
1134 2867 1281 2903 videtur
1310 2868 1356 2904 de
1388 2869 1548 2905 Caecilio
1572 2869 1740 2915 Vindice,

202 2919 302 2958 cuius
327 2922 581 2968 grammaticis
605 2922 828 2970 fragmentis
853 2923 970 2959 utitur
994 2923 1236 2970 Cassiodorus
1261 2925 1361 2976 apud
1383 2925 1533 2961 Putsch.
1559 2938 1595 2973 p.
1614 2931 1715 2966 2317.
