1968 3158
528 170 594 207 AD
619 169 667 206 M.
688 168 947 206 CAESAREM
971 168 1034 204 ΕΤ
1061 167 1266 204 INVICEM
1290 166 1435 203 LIBER
1459 166 1522 203 111.
1739 167 1794 209 53

252 288 509 332 Alcibiaden
540 302 639 330 vero
671 288 917 342 ceterosque
949 284 1235 327 adulescentis
1266 296 1425 340 genere
1456 284 1531 324 aut
1552 281 1692 324 forma
1722 283 1796 323 aut

252 358 404 414 opibus
454 357 619 399 feroces
664 371 747 412 quo
795 357 924 411 pacto
970 354 1189 410 appellare
1235 352 1371 408 adque
1413 351 1552 394 adfari
1598 350 1795 393 solebat?

252 441 330 483 per
357 426 545 482 iurgium
577 441 634 467 an
664 439 740 481 per
762 423 1017 467 TroMriotv¹P
1056 421 1354 478 exprobrando
1393 420 1550 463 acriter
1579 435 1688 476 quae
1726 419 1795 462 de-

250 495 499 552 linquerent
534 510 590 537 an
620 494 778 536 leniter
809 491 1062 548 arguendo?
1119 491 1271 547 Neque
1309 490 1457 532 deerat
1495 489 1663 532 Socrati
1700 503 1795 545 pro-

250 565 366 607 fecto
403 564 595 620 gravitas
643 564 718 605 aut
759 561 843 616 vis,
897 559 1152 616 quantumst
1193 559 1367 615 cynicus
1407 558 1625 615 Diogenes
1669 557 1795 614 volgo

253 633 492 676 saeviebat:
543 631 617 674 sed
665 630 774 674 vidit
819 629 1015 685 profecto
1063 628 1243 684 ingenia
1287 628 1448 684 partim
1486 627 1709 669 hominum
1745 642 1795 669 ac

251 701 481 758 praecipue
527 699 866 742 adulescentium
903 697 1075 740 facilius
1122 696 1257 739 comi³
1298 696 1434 752 adque
1480 695 1658 738 adfabili
1702 710 1794 738 ora-

250 771 369 813 tione
398 769 525 812 leniri
556 783 684 825 quam
720 767 809 809 acri
838 766 1112 821 violentaque
1150 765 1358 821 superari.
1419 764 1570 820 Itaque
1609 779 1698 807 non
1737 765 1795 806 vi-

250 839 361 882 niis⁴
401 852 540 894 neque
572 837 776 879 arietibus
809 850 973 878 errores
1005 834 1345 876 adulescentium
1376 833 1678 890 expugnabat,
1721 834 1795 876 sed

252 906 460 952 cuniculis
492 902 745 948 subruebat:
786 918 924 960 neque
962 918 1164 959 umquam
1204 903 1257 945 ab
1297 918 1346 946 eo
1386 902 1599 945 auditores
1639 902 1794 945 disces-

251 991 343 1020 sere
373 975 567 1030 lacerati,
602 975 676 1017 sed
705 987 1030 1028 nonnumquam
1069 971 1272 1014 lacessiti.
1305 971 1387 1013 Est
1407 971 1523 1013 enim
1554 986 1690 1027 genus
1722 970 1795 1012 ho-

250 1046 417 1088 minum
460 1046 619 1087 natura
663 1041 980 1086 insectantibus
1018 1041 1291 1095 indomitum,
1331 1040 1658 1082 blandientibus
1698 1054 1796 1082 con-

253 1114 458 1157 ciliatum.
521 1112 659 1163 Quam
689 1112 743 1154 ob
774 1126 866 1154 rem
894 1110 1067 1153 facilius
1097 1109 1330 1166 precariis⁵
1363 1109 1627 1164 decedimus,
1669 1124 1797 1164 quam

250 1182 451 1225 violentis
482 1182 766 1235 deterremur,
800 1179 979 1236 plusque
1011 1179 1065 1221 ad
1096 1178 1399 1235 corrigendum
1419 1179 1675 1234 promovent
1699 1192 1796 1220 con-

251 1251 349 1294 silia
379 1266 508 1307 quam
537 1249 691 1306 iurgia.
753 1248 823 1291 Ita
862 1248 1055 1291 comitati
1094 1247 1366 1290 monentium
1398 1246 1692 1302 obsequimur,
1732 1246 1796 1288 in-

252 1319 505 1362 clementiae
536 1317 859 1374 obiurgantium
890 1316 1139 1359 obnitimur.
1152 1316 1170 1342 b

750 1431 882 1476 XVI.
930 1431 1136 1475 Domino
1166 1430 1284 1474 Meo.

365 1525 487 1576 Quod
516 1527 565 1567 tu
586 1540 653 1567 me
684 1526 811 1580 putes
842 1538 1040 1566 somnum
1071 1522 1274 1579 cepisse-⁶,
1306 1524 1445 1565 totam
1465 1537 1603 1578 paene
1624 1525 1796 1565 noctem

250 1594 532 1651 pervigilavi,
570 1608 739 1636 mecum
766 1593 859 1648 ipse
889 1585 1111 1648 reputans,
1150 1607 1256 1634 num
1285 1591 1398 1634 forte
1436 1591 1569 1633 nimio
1589 1591 1620 1647 §⁷
1653 1606 1795 1634 amore

249 1662 565 1709 tuirremissius
597 1664 640 1704 et
671 1661 925 1705 clementius
956 1660 1189 1703 delictum8
1229 1660 1400 1716 aliquod
1429 1661 1553 1701 tuum
1584 1662 1795 1702 aestuma-

250 1746 360 1787 rem,
405 1746 511 1774 num
548 1733 598 1773 tu
628 1730 866 1773 ordinatior
902 1728 1136 1785 perfectior
1172 1729 1261 1772 iam
1306 1729 1353 1770 in
1384 1727 1654 1784 eloquentia⁹
1703 1743 1795 1771 esse

366 1880 389 1904 a
414 1871 458 1904 In
483 1871 654 1914 maryine:
684 1867 727 1902 In
752 1866 841 1902 alio:
869 1866 1059 1912 quantam.

365 1927 389 1962 b
418 1929 460 1961 In
485 1929 656 1971 margine.-
680 1924 712 1959 A
729 1923 885 1960 Socrate
911 1923 1101 1959 auditores
1118 1923 1318 1960 discessere
1334 1923 1492 1959 lacerati
1507 1923 1573 1959 sed
1590 1935 1795 1969 numquam

249 1983 425 2020 lacessiti.
453 1982 518 2018 Est
535 1981 634 2018 enim
865 1980 1115 2017 conciliatum.
1139 1980 1227 2016 Plus
1252 1980 1300 2016 ad
1326 1979 1591 2026 corrigendum

251 2040 466 2077 obnitimur.

366 2171 384 2202 1
409 2167 550 2202 Dubito
576 2167 622 2202 de
647 2166 718 2201 hac
742 2177 842 2202 voce.
881 2165 1056 2201 Fortasse
1080 2164 1221 2200 Fronto
1247 2163 1299 2199 sic
1323 2163 1438 2199 vertit
1452 2163 1664 2199 Romanum
1688 2175 1796 2199 voca-

211 2225 217 2231 ‘
250 2225 395 2261 bulum:
427 2228 615 2260 urbanitas.
675 2223 724 2258 Et
747 2223 856 2258 video
887 2234 983 2258 nunc
1016 2221 1223 2268 Hauptium
1254 2220 1413 2257 eandem
1443 2220 1668 2256 sententiam
1697 2221 1796 2257 tueri

249 2281 348 2317 laud.
376 2280 507 2327 Polyb.
524 2280 656 2316 XXIV.
676 2284 696 2316 5
721 2281 760 2316 et
784 2279 865 2315 aliis
890 2278 991 2315 locis.
1041 2278 1202 2314 Orellius
1227 2277 1358 2313 scribit
1381 2277 1572 2323 γοητείαν.

365 2343 385 2374 2
411 2338 570 2374 Orellius
594 2338 740 2373 mavult
765 2345 902 2383 quanto,
927 2336 1112 2382 Hauptius
1138 2343 1279 2382 quanta.

364 2400 385 2432 3
404 2395 500 2431 Cod.
525 2407 581 2441 pr.
608 2407 656 2430 m.
685 2400 810 2430 comiti.
1192 2388 1195 2390 ⁵

363 2456 385 2487 4
409 2453 467 2487 Ita
492 2451 626 2487 Codex.

365 2514 386 2544 5
410 2509 469 2543 Ita
494 2507 628 2543 Codex.

367 2570 387 2601 6
414 2565 556 2601 Codex:
583 2568 750 2609 coepisse.

365 2627 384 2658 7
409 2622 546 2668 Incipit
570 2620 658 2656 Cod.
685 2620 769 2656 Vat.
796 2633 832 2666 p.
849 2624 924 2656 148.

366 2683 387 2715 8
412 2679 553 2715 Codex:
580 2681 745 2714 dilectum.
1451 2716 1462 2721 -

365 2741 385 2772 9
411 2734 499 2771 Cod.
526 2747 582 2781 pr.
609 2747 657 2769 m.
690 2739 922 2781 eloquentiam.
978 2734 1161 2779 Loquitur
1190 2734 1330 2770 Fronto
1362 2734 1408 2769 de
1439 2743 1583 2779 nupera
1613 2734 1793 2779 oratione,

252 2804 365 2837 quam
388 2792 536 2827 Marcus
559 2791 599 2826 in
623 2792 756 2827 senatu
779 2791 976 2834 habuerat,
1009 2792 1050 2826 ut
1075 2802 1094 2826 e
1112 2790 1354 2836 sequentibus
1379 2790 1548 2836 epistulis
1573 2790 1729 2834 constat,
1754 2791 1794 2826 in

252 2861 326 2894 qua
349 2848 611 2884 Parthicarum
635 2859 761 2884 rerum
786 2847 925 2884 mentio
951 2847 1084 2883 fuerat.
1127 2850 1253 2883 Maius.
1290 2848 1363 2884 Pro
1390 2850 1584 2884 ordinatior·
1607 2846 1792 2895 Hauptius

251 2905 381 2941 scribit
405 2909 572 2942 ornatior.
