1968 3158
231 192 273 221 ν,
802 170 1175 208 PROLEGOMENA.

227 294 365 335 locum
395 291 602 343 tenuisse,
644 287 823 329 eundem
861 286 911 327 de
942 285 1111 326 rhetore
1143 284 1359 326 consulem
1391 299 1482 326 esse
1511 284 1748 338 suffectum,

230 360 408 414 denique
445 358 501 399 M.
542 355 810 397 Antoninum
835 346 1155 407 <Philosophum
1199 367 1247 394 eo
1285 351 1494 407 magistro
1533 354 1576 394 et
1615 352 1752 394 amico

229 428 360 470 fuisse
399 440 520 467 usum
549 422 861 478 plurimumque
890 420 1111 475 tribuisse,
1152 421 1215 462 ita
1245 422 1292 461 ut
1322 421 1509 461 statuam
1538 420 1577 462 ei
1605 420 1653 462 in
1690 433 1752 461 se-

229 498 335 538 natu
364 495 541 549 peteret.
602 490 800 533 Hominis
830 490 992 531 famam
1031 489 1232 544 augebat,
1266 488 1377 543 quod
1405 487 1453 528 in
1485 486 1752 530 Commenta-

230 563 303 604 riis
333 560 613 615 Philosophus
655 558 922 614 praedicaret
962 571 1006 598 se
1045 572 1069 598 a
1099 556 1316 598 Frontone
1354 555 1551 597 didicisse
1582 557 1631 598 τὸ
1662 556 1755 599 ἑπι-

230 633 368 681 ετῆεαι
399 628 469 671 οἵα
498 628 522 679 ἡ
554 627 779 680 τυραννικὴ
813 626 1012 679 βαεκανία
1042 626 1108 667 καὶ
1138 624 1324 667 ποικιλία
1344 625 1412 666 καὶ
1441 624 1658 676 ὑπόκριει(
1689 625 1756 669 καὶ

232 698 295 740 ὅτι
317 697 376 739 ὡς
397 696 552 739 ἐπίπαν
576 696 616 738 οἱ
636 695 893 747 καλούμενοι
924 693 1044 736 οὗτοι
1065 693 1173 745 παρ’
1194 693 1291 744 ἡμῖν
1324 691 1578 744 Εὐπατρίδαι
1609 691 1756 743 ἀετορ-
1789 702 1822 713 ·’

230 764 399 816 γότεροί
429 778 522 806 πως
553 763 662 806 εἰείν.
720 761 857 804 Notae
889 775 1054 816 quoque
1085 762 1210 802 erant
1240 759 1427 815 quinque
1458 759 1646 801 eiusdem
1676 759 1757 800 dis-

230 832 473 888 putationes
506 831 617 886 apud
648 830 832 872 Gellium
863 829 913 870 de
943 828 1169 870 verborum
1198 830 1424 883 potestate.
1484 827 1594 878 Quin
1627 827 1758 869 etiam

232 902 400 955 praeter
436 913 594 954 paucos
633 898 836 953 quosdam
882 897 997 938 locos
1043 895 1256 938 breviores
1295 891 1407 951 apud
1445 895 1758 939 Grammaticos

230 968 407 1010 Latinos
446 967 701 1009 laudabatur
740 966 910 1021 insigne
940 965 1236 1021 fragmentum
1267 965 1381 1020 apud
1410 964 1650 1006 Minucium
1679 962 1757 1005 Fe-

230 1036 377 1090 licem,
409 1035 456 1076 in
486 1050 567 1090 quo
598 1036 741 1076 orator
769 1033 1034 1076 Christianos
1066 1033 1337 1075 acerbissime
1359 1033 1565 1088 exagitat.
1626 1031 1759 1074 Nota-

233 1104 359 1145 batur
388 1104 609 1158 praeterea
646 1101 815 1143 dicendi
854 1116 989 1157 genus
1022 1116 1046 1142 a
1076 1101 1270 1156 plurimis
1301 1100 1577 1143 vehementer
1606 1100 1758 1155 proba-

232 1172 344 1225 tum,
378 1170 490 1212 inter
520 1185 623 1225 quos
655 1170 728 1211 alii
758 1170 805 1211 in
825 1169 1039 1212 Frontone
1071 1184 1273 1225 pompam
1303 1169 1560 1224 laudabant,
1594 1168 1758 1211 Macro-

233 1239 327 1281 bius
358 1264 413 1270 —-
442 1238 552 1294 quod
582 1238 749 1279 mireris
780 1263 836 1269 ——
866 1238 1119 1280 siccitatem.

347 1306 465 1356 Quod
494 1306 628 1361 igitur
657 1306 735 1348 viri
768 1306 880 1348 docti
919 1306 1269 1362 suspicabantur,
1316 1306 1624 1361 quodammodo
1664 1319 1761 1347 con-

235 1376 450 1417 firmatum
489 1375 543 1417 iri
579 1375 690 1429 quod
727 1374 961 1416 Eumenius
999 1375 1113 1417 dicat
1142 1376 1190 1416 in
1220 1374 1487 1430 Panegyrico
1518 1373 1762 1417 Constantii

234 1442 495 1484 Frontonem
525 1442 745 1503 Romanae
777 1443 1044 1498 eloquentiae
1081 1458 1169 1485 non
1207 1443 1441 1486 secundum
1479 1457 1569 1484 esse
1601 1442 1674 1484 sed
1698 1440 1762 1483 'al-

234 1513 373 1551 terum
403 1510 543 1565 decus,
576 1511 619 1552 id
649 1525 777 1566 quam
806 1510 962 1552 falsum
994 1513 1118 1566 esset,
1151 1514 1248 1566 post
1278 1511 1384 1553 Maii
1416 1510 1648 1553 editionem
1677 1524 1762 1551 0111-

235 1577 361 1619 nibus
392 1578 604 1632 apparuit.
665 1578 841 1620 Praeter
871 1579 1047 1634 Italum,
1081 1579 1154 1634 qui
1183 1580 1408 1622 inventum
1438 1593 1562 1620 suum
1592 1592 1763 1619 exoscu-

236 1645 423 1699 labatur,
462 1661 587 1688 nemo
625 1647 709 1688 fuit
745 1648 848 1702 quin
888 1649 1142 1702 agnosceret
1177 1648 1224 1689 in
1263 1648 1480 1690 Frontone
1520 1649 1764 1702 corruptam

238 1714 523 1769 eloquentiam
562 1716 604 1756 et
643 1716 689 1756 in
721 1715 967 1770 aequalibus
1012 1718 1260 1771 corruptum
1304 1716 1523 1758 iudicium.
1584 1715 1763 1757 Fronto-

238 1783 392 1824 nianae
424 1782 626 1837 epistolae
656 1784 832 1825 minime
864 1785 1102 1838 comparari
1131 1787 1312 1840 possunt
1343 1798 1439 1826 cum
1468 1784 1765 1826 Plinianarum
1817 1839 1821 1841 Π

241 1850 517 1904 praestantia.
579 1851 706 1892 Haud
737 1851 968 1893 difficulter
1004 1852 1273 1894 intellectum
1304 1855 1388 1908 est,
1430 1867 1504 1894 cur
1541 1852 1599 1894 M.
1630 1852 1764 1894 Aure·
1823 1842 1825 1844 ,

240 1917 321 1958 lius
374 1919 514 1959 cetera
566 1919 735 1972 quidem
782 1921 906 1974 grato
954 1920 1096 1962 animo
1134 1922 1362 1976 memoret,
1419 1936 1526 1977 quae
1557 1920 1766 1962 Frontoni

243 1985 407 2038 debeat,
441 1986 512 2026 sed
542 1987 683 2028 taceat
714 1987 764 2028 de
795 1990 886 2029 arte
917 1988 1098 2031 (licendi.
1158 1989 1310 2045 Itaque
1339 2004 1395 2031 ne
1425 1989 1564 2030 Maius
1595 1989 1766 2044 quidem

243 2051 476 2093 Niebuhrio
507 2053 675 2108 obloqui
707 2069 832 2096 ausus
864 2058 940 2111 est,
975 2072 1070 2099 cum
1100 2057 1163 2099 ita
1193 2057 1375 2099 diceret:
1407 2057 1507 2112 „Ita
1539 2056 1766 2099 sententiis

245 2121 286 2161 et
316 2120 439 2160 rebus
469 2121 658 2162 nondum
687 2124 800 2164 notis
830 2140 1024 2180 vacuum,
1057 2126 1119 2167 ita
1139 2126 1276 2168 levem
1297 2127 1340 2167 et
1360 2125 1628 2179 indisertum,
1662 2124 1767 2180 quin

244 2202 544 2242 saepenumero
574 2190 720 2243 putide
758 2191 1011 2235 delirantem
1047 2194 1094 2235 in
1125 2193 1192 2236 his
1232 2194 1403 2249 quidem
1433 2193 1604 2248 scriptis
1634 2192 1766 2235 Fron-

244 2258 389 2297 tonem
418 2256 669 2313 invenimus,
703 2262 765 2314 ut,
799 2275 894 2302 cum
925 2276 1157 2317 sanequam
1186 2262 1312 2317 multi
1341 2264 1622 2304 numerentur
1651 2262 1767 2303 inter

245 2322 421 2364 Latinos
450 2339 538 2365 non
568 2326 717 2379 optimi
747 2328 988 2384 scriptores,
1020 2329 1090 2371 hic
1122 2330 1226 2372 adeo
1255 2330 1351 2373 vilis
1382 2330 1439 2372 sit
1468 2332 1516 2372 ut
1547 2345 1643 2372 cum
1664 2329 1767 2372 Silio

244 2390 395 2432 Italico
424 2393 639 2434 numerari
670 2394 841 2437 debeat:
872 2396 984 2438 inter
1006 2397 1191 2440 Graecos
1221 2413 1321 2440 vero
1352 2399 1405 2440 ab
1426 2399 1519 2453 ipso
1538 2398 1767 2440 Polemone

247 2461 320 2500 aut
349 2459 541 2501 Himerio
570 2462 772 2504 facundia
803 2466 845 2504 et
875 2479 1075 2507 sensuum
1104 2467 1331 2510 nobilitate
1363 2467 1606 2510 vincaturf‘

360 2526 440 2569 Sed
488 2543 617 2583 quum
668 2530 714 2571 in
759 2532 944 2574 editione
988 2534 1296 2578 Mediolanensi
1338 2536 1483 2578 omnia
1526 2534 1769 2577 incredibili

248 2595 437 2636 socordia
468 2598 510 2637 et
538 2596 712 2639 levitate
744 2599 1043 2644 administrata
1073 2606 1229 2659 essent,
1262 2619 1361 2647 mox
1391 2603 1527 2646 exorti
1548 2605 1650 2645 sunt
1668 2602 1768 2644 Nie-

248 2661 422 2703 buhrius
454 2678 548 2705 cum
577 2664 842 2709 Buttmanno
873 2671 916 2710 et
934 2669 1196 2727 Heindorfio,
1230 2673 1302 2728 qui
1330 2673 1527 2714 fecerunt
1556 2671 1668 2726 quod
1697 2686 1769 2726 po-

250 2730 444 2783 tuerunt,
488 2734 536 2773 ut
572 2733 800 2777 Frontonis
844 2737 1091 2793 fragmenta
1133 2740 1219 2795 legi
1265 2742 1307 2782 et
1345 2740 1532 2800 intelligi
1578 2741 1767 2795 possent.
1783 2752 1794 2760 ·

251 2795 369 2845 Quod
411 2802 538 2853 caput
572 2802 631 2842 rei
664 2806 775 2858 erat,
816 2806 915 2860 quia
952 2806 1091 2849 Maius
1120 2808 1317 2863 rescripti
1348 2807 1503 2849 codicis
1540 2808 1645 2849 folia
1681 2823 1769 2850 non

253 2863 355 2906 satis
384 2868 497 2908 recte
528 2868 746 2912 ordinarat
776 2875 818 2914 et
847 2874 982 2916 multa
1018 2877 1178 2918 temere
1216 2876 1432 2931 turbarat,
1472 2876 1686 2932 sagaciter
1726 2877 1770 2918 et
