<?xml version="1.0" encoding="UTF-8"?>
<!DOCTYPE html PUBLIC "-//W3C//DTD XHTML 1.0 Transitional//EN"
    "http://www.w3.org/TR/xhtml1/DTD/xhtml1-transitional.dtd">
<html xmlns="http://www.w3.org/1999/xhtml" xml:lang="en" lang="en">
 <head>
  <title>
</title>
<meta http-equiv="Content-Type" content="text/html;charset=utf-8" />
  <meta name='ocr-system' content='tesseract 3.04.00' />
  <meta name='ocr-capabilities' content='ocr_page ocr_carea ocr_par ocr_line ocrx_word'/>
</head>
<body>
  <div class='ocr_page' id='page_1' title='image "./mcorneliifronton00fronuoft_0278.png"; bbox 0 0 1968 3158; ppageno 0'>
   <div class='ocr_carea' id='block_1_1' title="bbox 268 141 1329 190">
    <p class='ocr_par' dir='ltr' id='par_1_1' title="bbox 268 141 1329 190">
     <span class='ocr_line' id='line_1_1' title="bbox 268 141 1329 190; baseline -0.006 -7"><span class='ocrx_word' id='word_1_1' title='bbox 268 148 351 190; x_wconf 83' lang='grc'>238</span> <span class='ocrx_word' id='word_1_2' title='bbox 731 144 779 177; x_wconf 91' lang='grc' dir='ltr'>Μ.</span> <span class='ocrx_word' id='word_1_3' title='bbox 807 142 1032 178; x_wconf 84' lang='lat' dir='ltr'>CORNELII</span> <span class='ocrx_word' id='word_1_4' title='bbox 1055 141 1329 177; x_wconf 78' lang='lat' dir='ltr'><strong>FRONTONIS</strong></span> 
     </span>
    </p>
   </div>
   <div class='ocr_carea' id='block_1_2' title="bbox 247 255 1802 1193">
    <p class='ocr_par' dir='ltr' id='par_1_2' title="bbox 247 255 1802 1193">
     <span class='ocr_line' id='line_1_2' title="bbox 269 255 1792 312; baseline -0.002 -11"><span class='ocrx_word' id='word_1_5' title='bbox 269 259 433 301; x_wconf 87' lang='lat' dir='ltr'>homini</span> <span class='ocrx_word' id='word_1_6' title='bbox 465 258 649 312; x_wconf 78' lang='lat' dir='ltr'>credere,</span> <span class='ocrx_word' id='word_1_7' title='bbox 681 256 887 298; x_wconf 87' lang='lat' dir='ltr'>miraculo</span> <span class='ocrx_word' id='word_1_8' title='bbox 919 256 1183 310; x_wconf 73' lang='lat' dir='ltr'>addubitare,</span> <span class='ocrx_word' id='word_1_9' title='bbox 1215 267 1368 297; x_wconf 85' lang='lat' dir='ltr'>navem</span> <span class='ocrx_word' id='word_1_10' title='bbox 1389 257 1432 296; x_wconf 91' lang='lat' dir='ltr'>et</span> <span class='ocrx_word' id='word_1_11' title='bbox 1452 258 1587 298; x_wconf 78' lang='lat' dir='ltr'>socios</span> <span class='ocrx_word' id='word_1_12' title='bbox 1613 255 1792 310; x_wconf 82' lang='lat' dir='ltr'>navalis,</span> 
     </span>
     <span class='ocr_line' id='line_1_3' title="bbox 273 323 1795 380; baseline -0.001 -12"><span class='ocrx_word' id='word_1_13' title='bbox 273 328 372 368; x_wconf 85' lang='lat' dir='ltr'>dum</span> <span class='ocrx_word' id='word_1_14' title='bbox 409 326 651 380; x_wconf 84' lang='lat' dir='ltr'>reciperent</span> <span class='ocrx_word' id='word_1_15' title='bbox 665 325 691 380; x_wconf 75' lang='lat'>¹,</span> <span class='ocrx_word' id='word_1_16' title='bbox 739 324 939 380; x_wconf 86' lang='lat' dir='ltr'>opperiri.</span> <span class='ocrx_word' id='word_1_17' title='bbox 1000 324 1233 379; x_wconf 81' lang='lat' dir='ltr'>Postquam</span> <span class='ocrx_word' id='word_1_18' title='bbox 1277 323 1479 378; x_wconf 81' lang='lat' dir='ltr'>cognovit</span> <span class='ocrx_word' id='word_1_19' title='bbox 1521 326 1691 378; x_wconf 84' lang='lat' dir='ltr'>portum</span> <span class='ocrx_word' id='word_1_20' title='bbox 1731 324 1795 366; x_wconf 87' lang='lat' dir='ltr'>in-</span> 
     </span>
     <span class='ocr_line' id='line_1_4' title="bbox 270 391 1796 447; baseline -0.001 -12"><span class='ocrx_word' id='word_1_21' title='bbox 270 396 429 447; x_wconf 78' lang='lat' dir='ltr'>vectos,</span> <span class='ocrx_word' id='word_1_22' title='bbox 462 394 554 435; x_wconf 84' lang='lat' dir='ltr'>sine</span> <span class='ocrx_word' id='word_1_23' title='bbox 584 393 772 435; x_wconf 90' lang='lat' dir='ltr'>tumultu</span> <span class='ocrx_word' id='word_1_24' title='bbox 803 392 967 447; x_wconf 80' lang='lat' dir='ltr'>accipi2</span> <span class='ocrx_word' id='word_1_25' title='bbox 997 392 1135 446; x_wconf 82' lang='lat' dir='ltr'>iubet3</span> <span class='ocrx_word' id='word_1_26' title='bbox 1165 391 1284 433; x_wconf 85' lang='lat' dir='ltr'>voltu</span> <span class='ocrx_word' id='word_1_27' title='bbox 1315 391 1437 445; x_wconf 78' lang='lat' dir='ltr'>comi,</span> <span class='ocrx_word' id='word_1_28' title='bbox 1469 391 1609 433; x_wconf 79' lang='lat' dir='ltr'>verbis</span> <span class='ocrx_word' id='word_1_29' title='bbox 1629 391 1796 434; x_wconf 86' lang='lat' dir='ltr'>lenibus</span> 
     </span>
     <span class='ocr_line' id='line_1_5' title="bbox 270 458 1794 516; baseline -0.001 -13"><span class='ocrx_word' id='word_1_30' title='bbox 270 463 561 516; x_wconf 72' lang='lat' dir='ltr'>percontatur,</span> <span class='ocrx_word' id='word_1_31' title='bbox 594 460 904 515; x_wconf 82' lang='lat' dir='ltr'><strong>numquidnam</strong></span> <span class='ocrx_word' id='word_1_32' title='bbox 942 474 1070 514; x_wconf 82' lang='lat' dir='ltr'>super</span> <span class='ocrx_word' id='word_1_33' title='bbox 1099 459 1262 500; x_wconf 86' lang='lat' dir='ltr'>Arione</span> <span class='ocrx_word' id='word_1_34' title='bbox 1292 458 1445 500; x_wconf 82' lang='lat' dir='ltr'>Lesbio</span> <span class='ocrx_word' id='word_1_35' title='bbox 1477 459 1794 513; x_wconf 83' lang='lat' dir='ltr'>comperissent.</span> 
     </span>
     <span class='ocr_line' id='line_1_6' title="bbox 270 523 1798 583; baseline -0.001 -14"><span class='ocrx_word' id='word_1_36' title='bbox 270 529 339 570; x_wconf 91' lang='lat' dir='ltr'>Illi</span> <span class='ocrx_word' id='word_1_37' title='bbox 369 529 498 571; x_wconf 88' lang='lat' dir='ltr'>facile</span> <span class='ocrx_word' id='word_1_38' title='bbox 527 528 789 582; x_wconf 80' lang='lat' dir='ltr'>respondent</span> <span class='ocrx_word' id='word_1_39' title='bbox 819 528 996 569; x_wconf 85' lang='lat' dir='ltr'>Tarenti</span> <span class='ocrx_word' id='word_1_40' title='bbox 1030 527 1228 583; x_wconf 42' lang='lat' dir='ltr'>&amp;vidisse</span> <span class='ocrx_word' id='word_1_41' title='bbox 1266 523 1657 568; x_wconf 76' lang='lat' dir='ltr'>fortunatissimum</span> <span class='ocrx_word' id='word_1_42' title='bbox 1689 540 1798 568; x_wconf 86' lang='lat' dir='ltr'>mor-</span> 
     </span>
     <span class='ocr_line' id='line_1_7' title="bbox 270 594 1798 651; baseline -0.001 -14"><span class='ocrx_word' id='word_1_43' title='bbox 270 596 428 651; x_wconf 78' lang='lat' dir='ltr'>talem,</span> <span class='ocrx_word' id='word_1_44' title='bbox 483 596 668 638; x_wconf 83' lang='lat' dir='ltr'>secundo</span> <span class='ocrx_word' id='word_1_45' title='bbox 713 609 879 637; x_wconf 87' lang='lat' dir='ltr'>rumore</span> <span class='ocrx_word' id='word_1_46' title='bbox 932 598 1074 649; x_wconf 79' lang='lat' dir='ltr'>populi</span> <span class='ocrx_word' id='word_1_47' title='bbox 1124 594 1273 636; x_wconf 88' lang='lat' dir='ltr'>florere</span> <span class='ocrx_word' id='word_1_48' title='bbox 1317 594 1538 650; x_wconf 75' lang='lat' dir='ltr'>pretioque</span> <span class='ocrx_word' id='word_1_49' title='bbox 1584 607 1698 648; x_wconf 80' lang='lat' dir='ltr'>esse,</span> <span class='ocrx_word' id='word_1_50' title='bbox 1743 599 1798 636; x_wconf 75' lang='lat' dir='ltr'>cz·-</span> 
     </span>
     <span class='ocr_line' id='line_1_8' title="bbox 272 661 1800 716; baseline -0.002 -11"><span class='ocrx_word' id='word_1_51' title='bbox 272 668 396 706; x_wconf 76' lang='lat' dir='ltr'>llzara</span> <span class='ocrx_word' id='word_1_52' title='bbox 436 666 625 705; x_wconf 87' lang='lat' dir='ltr'>cantare.</span> <span class='ocrx_word' id='word_1_53' title='bbox 685 663 824 712; x_wconf 83' lang='lat' dir='ltr'>Quare</span> <span class='ocrx_word' id='word_1_54' title='bbox 861 662 1020 704; x_wconf 79' lang='lat' dir='ltr'>diutius</span> <span class='ocrx_word' id='word_1_55' title='bbox 1052 676 1193 703; x_wconf 86' lang='lat' dir='ltr'>amore</span> <span class='ocrx_word' id='word_1_56' title='bbox 1225 664 1352 716; x_wconf 88' lang='lat' dir='ltr'>atque</span> <span class='ocrx_word' id='word_1_57' title='bbox 1383 661 1502 703; x_wconf 89' lang='lat' dir='ltr'>lucro</span> <span class='ocrx_word' id='word_1_58' title='bbox 1533 663 1576 702; x_wconf 89' lang='lat' dir='ltr'>et</span> <span class='ocrx_word' id='word_1_59' title='bbox 1604 661 1800 703; x_wconf 81' lang='lat' dir='ltr'>laudibus</span> 
     </span>
     <span class='ocr_line' id='line_1_9' title="bbox 272 729 1799 785; baseline -0.001 -13"><span class='ocrx_word' id='word_1_60' title='bbox 272 732 461 773; x_wconf 85' lang='lat' dir='ltr'>retineri.</span> <span class='ocrx_word' id='word_1_61' title='bbox 523 731 630 774; x_wconf 85' lang='lat' dir='ltr'>Cum</span> <span class='ocrx_word' id='word_1_62' title='bbox 674 731 780 773; x_wconf 90' lang='lat' dir='ltr'>haec</span> <span class='ocrx_word' id='word_1_63' title='bbox 823 731 887 772; x_wconf 88' lang='lat' dir='ltr'>ita</span> <span class='ocrx_word' id='word_1_64' title='bbox 932 730 1143 785; x_wconf 72' lang='lat' dir='ltr'>dicerent,</span> <span class='ocrx_word' id='word_1_65' title='bbox 1193 730 1331 772; x_wconf 86' lang='lat' dir='ltr'>Arion</span> <span class='ocrx_word' id='word_1_66' title='bbox 1372 730 1538 784; x_wconf 87' lang='lat' dir='ltr'>inrupit</span> <span class='ocrx_word' id='word_1_67' title='bbox 1582 762 1768 770; x_wconf 93' lang='grc'><em>.....</em></span> <span class='ocrx_word' id='word_1_68' title='bbox 1783 729 1799 754; x_wconf 83' lang='lat'>4</span> 
     </span>
     <span class='ocr_line' id='line_1_10' title="bbox 273 797 1800 853; baseline -0.003 -11"><span class='ocrx_word' id='word_1_69' title='bbox 273 805 330 841; x_wconf 75' lang='lat' dir='ltr'>ita</span> <span class='ocrx_word' id='word_1_70' title='bbox 361 807 403 842; x_wconf 80' lang='lat' dir='ltr'>ut</span> <span class='ocrx_word' id='word_1_71' title='bbox 432 804 474 841; x_wconf 73' lang='lat' dir='ltr'>in</span> <span class='ocrx_word' id='word_1_72' title='bbox 512 804 644 852; x_wconf 81' lang='lat' dir='ltr'>puppi</span> <span class='ocrx_word' id='word_1_73' title='bbox 679 801 877 853; x_wconf 79' lang='lat' dir='ltr'>steterat,</span> <span class='ocrx_word' id='word_1_74' title='bbox 922 813 1016 840; x_wconf 90' lang='lat' dir='ltr'>cum</span> <span class='ocrx_word' id='word_1_75' title='bbox 1055 800 1173 840; x_wconf 83' lang='lat' dir='ltr'>veste</span> <span class='ocrx_word' id='word_1_76' title='bbox 1212 812 1314 839; x_wconf 88' lang='lat' dir='ltr'>auro</span> <span class='ocrx_word' id='word_1_77' title='bbox 1350 798 1516 839; x_wconf 84' lang='lat' dir='ltr'>intexta</span> <span class='ocrx_word' id='word_1_78' title='bbox 1553 799 1596 838; x_wconf 90' lang='lat' dir='ltr'>et</span> <span class='ocrx_word' id='word_1_79' title='bbox 1635 797 1800 841; x_wconf 86' lang='lat' dir='ltr'>cithara</span> 
     </span>
     <span class='ocr_line' id='line_1_11' title="bbox 272 865 1800 923; baseline -0.003 -14"><span class='ocrx_word' id='word_1_80' title='bbox 272 867 449 923; x_wconf 79' lang='lat' dir='ltr'><strong>insigni.</strong></span> <span class='ocrx_word' id='word_1_81' title='bbox 501 867 743 909; x_wconf 81' lang='lat' dir='ltr'>Praedones</span> <span class='ocrx_word' id='word_1_82' title='bbox 773 866 950 921; x_wconf 87' lang='lat' dir='ltr'>inopino</span> <span class='ocrx_word' id='word_1_83' title='bbox 979 870 1066 908; x_wconf 80' lang='lat' dir='ltr'>visu</span> <span class='ocrx_word' id='word_1_84' title='bbox 1096 866 1270 907; x_wconf 85' lang='lat' dir='ltr'>Arionis</span> <span class='ocrx_word' id='word_1_85' title='bbox 1304 865 1484 919; x_wconf 65' lang='lat' dir='ltr'>territi-⁵,</span> <span class='ocrx_word' id='word_1_86' title='bbox 1515 865 1633 906; x_wconf 76' lang='lat' dir='ltr'>tum6</span> <span class='ocrx_word' id='word_1_87' title='bbox 1663 879 1800 919; x_wconf 90' lang='lat' dir='ltr'>neque</span> 
     </span>
     <span class='ocr_line' id='line_1_12' title="bbox 274 928 1802 990; baseline -0.002 -14"><span class='ocrx_word' id='word_1_88' title='bbox 274 936 500 990; x_wconf 87' lang='lat' dir='ltr'>quicquam</span> <span class='ocrx_word' id='word_1_89' title='bbox 544 937 641 990; x_wconf 82' lang='lat' dir='ltr'>post</span> <span class='ocrx_word' id='word_1_90' title='bbox 683 935 759 976; x_wconf 85' lang='lat' dir='ltr'>illa</span> <span class='ocrx_word' id='word_1_91' title='bbox 799 948 959 989; x_wconf 83' lang='lat' dir='ltr'>negare</span> <span class='ocrx_word' id='word_1_92' title='bbox 999 936 1075 974; x_wconf 86' lang='lat' dir='ltr'>aut</span> <span class='ocrx_word' id='word_1_93' title='bbox 1117 947 1205 975; x_wconf 91' lang='lat' dir='ltr'>non</span> <span class='ocrx_word' id='word_1_94' title='bbox 1251 933 1421 974; x_wconf 85' lang='lat' dir='ltr'>credere</span> <span class='ocrx_word' id='word_1_95' title='bbox 1451 934 1539 973; x_wconf 38' lang='lat' dir='ltr'>faut</span> <span class='ocrx_word' id='word_1_96' title='bbox 1583 928 1802 987; x_wconf 81' lang='lat' dir='ltr'>deprecari</span> 
     </span>
     <span class='ocr_line' id='line_1_13' title="bbox 275 998 1802 1057; baseline -0.003 -13"><span class='ocrx_word' id='word_1_97' title='bbox 275 1003 366 1044; x_wconf 81' lang='lat' dir='ltr'>ausi</span> <span class='ocrx_word' id='word_1_98' title='bbox 405 1005 515 1044; x_wconf 82' lang='lat' dir='ltr'>sunt.</span> <span class='ocrx_word' id='word_1_99' title='bbox 579 1002 783 1057; x_wconf 86' lang='lat' dir='ltr'>Delphini</span> <span class='ocrx_word' id='word_1_100' title='bbox 821 1001 990 1043; x_wconf 85' lang='lat' dir='ltr'>facinus</span> <span class='ocrx_word' id='word_1_101' title='bbox 1027 1006 1083 1043; x_wconf 77' lang='lat' dir='ltr'>ad</span> <span class='ocrx_word' id='word_1_102' title='bbox 1122 1003 1352 1042; x_wconf 80' lang='lat' dir='ltr'>Taenarum</span> <span class='ocrx_word' id='word_1_103' title='bbox 1390 999 1555 1054; x_wconf 80' lang='lat' dir='ltr'>visitur,</span> <span class='ocrx_word' id='word_1_104' title='bbox 1599 998 1802 1054; x_wconf 89' lang='lat' dir='ltr'>delphino</span> 
     </span>
     <span class='ocr_line' id='line_1_14' title="bbox 275 1066 1802 1125; baseline -0.003 -13"><span class='ocrx_word' id='word_1_105' title='bbox 275 1071 465 1112; x_wconf 79' lang='lat' dir='ltr'>residens</span> <span class='ocrx_word' id='word_1_106' title='bbox 513 1070 639 1111; x_wconf 88' lang='lat' dir='ltr'>homo</span> <span class='ocrx_word' id='word_1_107' title='bbox 649 1104 660 1125; x_wconf 72' lang='lat'><em>⁷</em></span> <span class='ocrx_word' id='word_1_108' title='bbox 712 1085 844 1124; x_wconf 88' lang='lat' dir='ltr'>parva</span> <span class='ocrx_word' id='word_1_109' title='bbox 886 1070 1025 1125; x_wconf 80' lang='lat' dir='ltr'>figura</span> <span class='ocrx_word' id='word_1_110' title='bbox 1073 1067 1215 1125; x_wconf 89' lang='lat' dir='ltr'>[atque</span> <span class='ocrx_word' id='word_1_111' title='bbox 1255 1067 1318 1125; x_wconf 86' lang='lat' dir='ltr'>ut]</span> <span class='ocrx_word' id='word_1_112' title='bbox 1366 1069 1620 1123; x_wconf 83' lang='lat' dir='ltr'>argumento</span> <span class='ocrx_word' id='word_1_113' title='bbox 1662 1066 1802 1122; x_wconf 83' lang='lat' dir='ltr'>magis</span> 
     </span>
     <span class='ocr_line' id='line_1_15' title="bbox 247 1129 1753 1193; baseline -0.001 -14"><span class='ocrx_word' id='word_1_114' title='bbox 247 1158 251 1163; x_wconf 57' lang='grc'><strong><em>»</em></strong></span> <span class='ocrx_word' id='word_1_115' title='bbox 276 1153 403 1193; x_wconf 82' lang='lat' dir='ltr'>quam</span> <span class='ocrx_word' id='word_1_116' title='bbox 434 1138 661 1179; x_wconf 78' lang='lat' dir='ltr'>simulacro</span> <span class='ocrx_word' id='word_1_117' title='bbox 693 1137 940 1192; x_wconf 81' lang='lat' dir='ltr'>composita.</span> <span class='ocrx_word' id='word_1_118' title='bbox 1751 1129 1753 1131; x_wconf 37' lang='lat'>¹</span> 
     </span>
    </p>
   </div>
   <div class='ocr_carea' id='block_1_3' title="bbox 723 1220 1347 1268">
    <p class='ocr_par' dir='ltr' id='par_1_3' title="bbox 723 1220 1347 1268">
     <span class='ocr_line' id='line_1_16' title="bbox 723 1220 1347 1268; baseline -0.003 -10"><span class='ocrx_word' id='word_1_119' title='bbox 723 1220 825 1268; x_wconf 71' lang='lat' dir='ltr'>L&#39;eqz&#39;</span> <span class='ocrx_word' id='word_1_120' title='bbox 853 1220 1082 1258; x_wconf 71' lang='lat' dir='ltr'>Emendavi</span> <span class='ocrx_word' id='word_1_121' title='bbox 1109 1220 1178 1267; x_wconf 80' lang='lat' dir='ltr'>qui</span> <span class='ocrx_word' id='word_1_122' title='bbox 1205 1229 1347 1268; x_wconf 79' lang='lat' dir='ltr'>supra.</span> 
     </span>
    </p>
   </div>
   <div class='ocr_carea' id='block_1_4' title="bbox 827 1305 1251 1419">
    <p class='ocr_par' dir='ltr' id='par_1_4' title="bbox 827 1305 1251 1419">
     <span class='ocr_line' id='line_1_17' title="bbox 827 1305 1251 1359; baseline -0.005 -11"><span class='ocrx_word' id='word_1_123' title='bbox 827 1307 886 1348; x_wconf 91' lang='lat' dir='ltr'>M.</span> <span class='ocrx_word' id='word_1_124' title='bbox 918 1305 1251 1359; x_wconf 80' lang='lat' dir='ltr'><strong>FRONTONIS</strong></span> 
     </span>
     <span class='ocr_line' id='line_1_18' title="bbox 960 1384 1123 1419; baseline -0.006 0"><span class='ocrx_word' id='word_1_125' title='bbox 960 1384 1123 1419; x_wconf 86' lang='lat' dir='ltr'>ARION.</span> 
     </span>
    </p>
   </div>
   <div class='ocr_carea' id='block_1_5' title="bbox 319 1458 546 1462">
    <p class='ocr_par' dir='ltr' id='par_1_5' title="bbox 319 1458 546 1462">
     <span class='ocr_line' id='line_1_19' title="bbox 319 1458 546 1462; baseline 0 0"><span class='ocrx_word' id='word_1_126' title='bbox 319 1458 546 1462; x_wconf 95' lang='lat' dir='ltr'> </span> 
     </span>
    </p>
   </div>
   <div class='ocr_carea' id='block_1_6' title="bbox 280 1511 1806 1836">
    <p class='ocr_par' dir='ltr' id='par_1_6' title="bbox 394 1511 1056 1556">
     <span class='ocr_line' id='line_1_20' title="bbox 394 1511 1056 1556; baseline -0.005 -10"><span class='ocrx_word' id='word_1_127' title='bbox 394 1516 411 1546; x_wconf 85' lang='lat'>1</span> <span class='ocrx_word' id='word_1_128' title='bbox 438 1512 496 1546; x_wconf 77' lang='lat' dir='ltr'>Ita</span> <span class='ocrx_word' id='word_1_129' title='bbox 518 1520 587 1556; x_wconf 85' lang='lat' dir='ltr'>pro</span> <span class='ocrx_word' id='word_1_130' title='bbox 611 1523 649 1545; x_wconf 79' lang='lat' dir='ltr'>se</span> <span class='ocrx_word' id='word_1_131' title='bbox 676 1513 882 1555; x_wconf 79' lang='lat' dir='ltr'>reciperent.</span> <span class='ocrx_word' id='word_1_132' title='bbox 930 1511 1056 1544; x_wconf 78' lang='lat' dir='ltr'>Maius.</span> 
     </span>
    </p>

    <p class='ocr_par' dir='ltr' id='par_1_7' title="bbox 392 1567 724 1602">
     <span class='ocr_line' id='line_1_21' title="bbox 392 1567 724 1602; baseline -0.003 0"><span class='ocrx_word' id='word_1_133' title='bbox 392 1572 412 1602; x_wconf 81' lang='lat'><strong>2</strong></span> <span class='ocrx_word' id='word_1_134' title='bbox 436 1567 579 1602; x_wconf 83' lang='lat' dir='ltr'>Malim:</span> <span class='ocrx_word' id='word_1_135' title='bbox 607 1570 724 1601; x_wconf 82' lang='lat' dir='ltr'>acciri.</span> 
     </span>
    </p>

    <p class='ocr_par' dir='ltr' id='par_1_8' title="bbox 394 1618 1802 1668">
     <span class='ocr_line' id='line_1_22' title="bbox 394 1618 1802 1668; baseline -0.004 -10"><span class='ocrx_word' id='word_1_136' title='bbox 394 1628 413 1658; x_wconf 86' lang='lat'>3</span> <span class='ocrx_word' id='word_1_137' title='bbox 437 1623 572 1668; x_wconf 75' lang='lat' dir='ltr'>Incipit</span> <span class='ocrx_word' id='word_1_138' title='bbox 598 1623 684 1658; x_wconf 84' lang='lat' dir='ltr'>Cod.</span> <span class='ocrx_word' id='word_1_139' title='bbox 710 1634 746 1667; x_wconf 87' lang='lat' dir='ltr'>p.</span> <span class='ocrx_word' id='word_1_140' title='bbox 775 1625 850 1665; x_wconf 82' lang='lat'>165,</span> <span class='ocrx_word' id='word_1_141' title='bbox 874 1621 985 1656; x_wconf 86' lang='lat' dir='ltr'>hodie</span> <span class='ocrx_word' id='word_1_142' title='bbox 1009 1623 1086 1656; x_wconf 84' lang='lat' dir='ltr'>fere</span> <span class='ocrx_word' id='word_1_143' title='bbox 1112 1620 1279 1656; x_wconf 81' lang='lat' dir='ltr'>evanida.</span> <span class='ocrx_word' id='word_1_144' title='bbox 1306 1618 1572 1665; x_wconf 83' lang='lat' dir='ltr'>Supplementa</span> <span class='ocrx_word' id='word_1_145' title='bbox 1596 1620 1680 1654; x_wconf 80' lang='lat' dir='ltr'>sunt</span> <span class='ocrx_word' id='word_1_146' title='bbox 1703 1618 1802 1654; x_wconf 88' lang='lat' dir='ltr'>Maii.</span> 
     </span>
    </p>

    <p class='ocr_par' dir='ltr' id='par_1_9' title="bbox 392 1677 1046 1722">
     <span class='ocr_line' id='line_1_23' title="bbox 392 1677 1046 1722; baseline -0.005 -7"><span class='ocrx_word' id='word_1_147' title='bbox 392 1684 414 1714; x_wconf 88' lang='lat'>4</span> <span class='ocrx_word' id='word_1_148' title='bbox 436 1680 581 1715; x_wconf 80' lang='lat' dir='ltr'>Desunt</span> <span class='ocrx_word' id='word_1_149' title='bbox 605 1679 753 1714; x_wconf 83' lang='lat' dir='ltr'>litterae</span> <span class='ocrx_word' id='word_1_150' title='bbox 779 1677 1046 1722; x_wconf 84' lang='lat' dir='ltr'>duodeviginti.</span> 
     </span>
    </p>

    <p class='ocr_par' dir='ltr' id='par_1_10' title="bbox 280 1731 1806 1836">
     <span class='ocr_line' id='line_1_24' title="bbox 394 1731 1804 1779; baseline -0.004 -8"><span class='ocrx_word' id='word_1_151' title='bbox 394 1740 414 1771; x_wconf 79' lang='lat'>5</span> <span class='ocrx_word' id='word_1_152' title='bbox 437 1736 556 1771; x_wconf 84' lang='lat' dir='ltr'>Maius</span> <span class='ocrx_word' id='word_1_153' title='bbox 583 1735 732 1770; x_wconf 87' lang='lat' dir='ltr'>dubitat</span> <span class='ocrx_word' id='word_1_154' title='bbox 757 1735 879 1769; x_wconf 89' lang='lat' dir='ltr'>utrum</span> <span class='ocrx_word' id='word_1_155' title='bbox 908 1735 1044 1779; x_wconf 83' lang='lat' dir='ltr'>legerit</span> <span class='ocrx_word' id='word_1_156' title='bbox 1066 1737 1194 1769; x_wconf 75' lang='lat' dir='ltr'>terreri</span> <span class='ocrx_word' id='word_1_157' title='bbox 1221 1745 1269 1768; x_wconf 81' lang='lat' dir='ltr'>an</span> <span class='ocrx_word' id='word_1_158' title='bbox 1294 1737 1415 1768; x_wconf 78' lang='lat' dir='ltr'>territi.</span> <span class='ocrx_word' id='word_1_159' title='bbox 1462 1732 1611 1767; x_wconf 81' lang='lat' dir='ltr'>Amicus</span> <span class='ocrx_word' id='word_1_160' title='bbox 1635 1731 1804 1768; x_wconf 81' lang='lat' dir='ltr'>vocabuli</span> 
     </span>
     <span class='ocr_line' id='line_1_25' title="bbox 280 1788 1806 1836; baseline -0.003 -9"><span class='ocrx_word' id='word_1_161' title='bbox 280 1792 429 1828; x_wconf 73' lang='lat' dir='ltr'>ultimas</span> <span class='ocrx_word' id='word_1_162' title='bbox 453 1793 598 1827; x_wconf 77' lang='lat' dir='ltr'>litteras</span> <span class='ocrx_word' id='word_1_163' title='bbox 621 1803 696 1827; x_wconf 90' lang='lat' dir='ltr'>non</span> <span class='ocrx_word' id='word_1_164' title='bbox 719 1791 843 1836; x_wconf 82' lang='lat' dir='ltr'>potuit</span> <span class='ocrx_word' id='word_1_165' title='bbox 868 1791 1107 1836; x_wconf 76' lang='lat' dir='ltr'>distinguere,</span> <span class='ocrx_word' id='word_1_166' title='bbox 1132 1790 1198 1825; x_wconf 83' lang='lat' dir='ltr'>sed</span> <span class='ocrx_word' id='word_1_167' title='bbox 1214 1789 1252 1824; x_wconf 86' lang='lat' dir='ltr'>in</span> <span class='ocrx_word' id='word_1_168' title='bbox 1267 1788 1410 1824; x_wconf 87' lang='lat' dir='ltr'>Codicis</span> <span class='ocrx_word' id='word_1_169' title='bbox 1422 1789 1581 1824; x_wconf 86' lang='lat' dir='ltr'>lectione</span> <span class='ocrx_word' id='word_1_170' title='bbox 1605 1788 1806 1823; x_wconf 84' lang='lat' dir='ltr'>INOPINA</span> 
     </span>
    </p>
   </div>
   <div class='ocr_carea' id='block_1_7' title="bbox 283 1844 1806 1890">
    <p class='ocr_par' dir='ltr' id='par_1_11' title="bbox 283 1844 1806 1890">
     <span class='ocr_line' id='line_1_26' title="bbox 283 1844 1806 1890; baseline -0.004 -6"><span class='ocrx_word' id='word_1_171' title='bbox 283 1878 465 1886; x_wconf 87' lang='grc'><strong>......</strong></span> <span class='ocrx_word' id='word_1_172' title='bbox 495 1848 686 1884; x_wconf 80' lang='lat' dir='ltr'><strong>ONSTER</strong></span> <span class='ocrx_word' id='word_1_173' title='bbox 712 1877 718 1883; x_wconf 90' lang='lat'>.</span> <span class='ocrx_word' id='word_1_174' title='bbox 748 1877 755 1883; x_wconf 88' lang='lat'><strong>.</strong></span> <span class='ocrx_word' id='word_1_175' title='bbox 785 1877 791 1883; x_wconf 88' lang='lat'>.</span> <span class='ocrx_word' id='word_1_176' title='bbox 816 1877 823 1883; x_wconf 89' lang='lat'>.</span> <span class='ocrx_word' id='word_1_177' title='bbox 852 1847 913 1882; x_wconf 77' lang='lat' dir='ltr'>GU</span> <span class='ocrx_word' id='word_1_178' title='bbox 932 1876 938 1882; x_wconf 95' lang='lat'>.</span> <span class='ocrx_word' id='word_1_179' title='bbox 957 1847 1072 1890; x_wconf 84' lang='lat' dir='ltr'>NEQ,</span> <span class='ocrx_word' id='word_1_180' title='bbox 1099 1844 1350 1889; x_wconf 74' lang='lat' dir='ltr'><strong>QUICQUAOE</strong></span> <span class='ocrx_word' id='word_1_181' title='bbox 1380 1845 1497 1880; x_wconf 90' lang='lat' dir='ltr'>latere</span> <span class='ocrx_word' id='word_1_182' title='bbox 1528 1844 1674 1880; x_wconf 86' lang='lat' dir='ltr'>videtur</span> <span class='ocrx_word' id='word_1_183' title='bbox 1698 1846 1806 1889; x_wconf 81' lang='lat' dir='ltr'>inopi-</span> 
     </span>
    </p>
   </div>
   <div class='ocr_carea' id='block_1_8' title="bbox 281 1902 1804 1997">
    <p class='ocr_par' dir='ltr' id='par_1_12' title="bbox 281 1902 1804 1997">
     <span class='ocr_line' id='line_1_27' title="bbox 281 1902 1804 1948; baseline -0.003 -8"><span class='ocrx_word' id='word_1_184' title='bbox 281 1906 366 1940; x_wconf 82' lang='lat' dir='ltr'>nato</span> <span class='ocrx_word' id='word_1_185' title='bbox 391 1906 469 1940; x_wconf 79' lang='lat' dir='ltr'>visu</span> <span class='ocrx_word' id='word_1_186' title='bbox 494 1905 720 1941; x_wconf 80' lang='lat' dir='ltr'>consternati.</span> <span class='ocrx_word' id='word_1_187' title='bbox 754 1905 869 1940; x_wconf 85' lang='lat' dir='ltr'>Recte</span> <span class='ocrx_word' id='word_1_188' title='bbox 886 1904 1144 1939; x_wconf 76' lang='lat' dir='ltr'>Berolinenses</span> <span class='ocrx_word' id='word_1_189' title='bbox 1159 1903 1332 1939; x_wconf 84' lang='lat' dir='ltr'>viderunt</span> <span class='ocrx_word' id='word_1_190' title='bbox 1348 1902 1488 1948; x_wconf 85' lang='lat' dir='ltr'>aliquid</span> <span class='ocrx_word' id='word_1_191' title='bbox 1504 1902 1697 1937; x_wconf 86' lang='lat' dir='ltr'>turbatum</span> <span class='ocrx_word' id='word_1_192' title='bbox 1715 1911 1804 1935; x_wconf 78' lang='lat' dir='ltr'>esse.</span> 
     </span>
     <span class='ocr_line' id='line_1_28' title="bbox 394 1962 652 1997; baseline -0.004 0"><span class='ocrx_word' id='word_1_193' title='bbox 394 1966 414 1996; x_wconf 89' lang='grc'><strong>6</strong></span> <span class='ocrx_word' id='word_1_194' title='bbox 441 1962 548 1997; x_wconf 81' lang='lat' dir='ltr'>Cod.:</span> <span class='ocrx_word' id='word_1_195' title='bbox 573 1975 652 1997; x_wconf 85' lang='lat' dir='ltr'>cum.</span> 
     </span>
    </p>
   </div>
  </div>
 </body>
</html>
