1968 3158
254 163 403 195 XXVIII
828 140 1200 178 PROLEGOMENA.

256 280 330 307 cue
352 263 534 315 indicat,
567 275 610 301 se
630 259 675 299 in
696 258 935 312 posterum,
968 254 1118 295 relicta
1137 253 1367 309 rhetorica,
1400 254 1577 297 Rustico
1599 256 1772 297 auctore

255 335 302 374 ut
332 331 508 382 videtur,
542 326 690 368 studiis
721 322 1026 379 philosophicis
1058 337 1207 364 vacare
1237 322 1358 364 velle.

366 397 526 438 Multae
557 392 760 449 epistolae
791 392 906 445 sunt⁷
938 390 1147 446 imprimis
1177 390 1224 431 in
1255 390 1419 431 duobus
1439 390 1559 432 libris
1581 391 1635 432 ad
1655 391 1774 433 Ami-

255 481 337 519 608,
370 479 487 519 quas,
520 461 690 516 quando
711 460 835 501 datae
857 459 959 512 sint,
993 458 1170 500 definire
1200 472 1288 499 non
1318 458 1453 512 potui,
1486 458 1559 500 sed
1587 459 1773 514 reliquas

253 547 411 585 omnes,
444 532 490 572 in
511 529 663 584 quibus
683 530 925 582 temporum
944 527 1069 567 notas
1096 525 1203 566 mihi
1232 525 1418 579 reperire
1450 526 1646 582 contigit,
1677 528 1775 582 post

254 614 469 643 excessum
490 596 703 638 Antonini
733 595 814 648 Pii,
847 594 968 635 Divis
996 593 1203 634 fratribus
1233 593 1559 648 imperantibus,
1592 594 1774 649 scriptas

253 683 342 710 esse
387 666 519 707 video.
580 664 710 705 Anno
751 662 826 703 161
860 661 1019 702 Fronto
1056 663 1259 716 quattuor
1288 676 1456 703 menses
1485 661 1623 703 Roma
1660 662 1775 704 afue-

255 738 321 777 131-
351 748 482 788 eoque
512 732 705 773 16111113.
738 731 777 772 d.
808 729 849 772 V
878 729 974 770 Kal.
1005 728 1159 784 April„
1191 730 1341 784 paucis
1372 729 1519 771 diebus
1549 731 1776 785 postquam

251 804 353 845 Pius
384 802 494 842 diem
524 800 652 854 obiit,
692 799 764 854 qui
802 797 891 839 dies
920 797 1006 838 fuit
1035 797 1144 852 prid.
1176 796 1240 839 Id.
1272 797 1402 839 Mart.
1463 797 1597 839 Venit
1625 798 1673 840 in
1702 813 1775 853 pa·
1839 818 1841 820 v

251 871 401 912 latium
432 869 483 910 ad
513 869 668 909 fratres
705 866 923 920 visendos,
963 865 1037 907 sed
1066 864 1206 907 Verus
1243 865 1355 907 10116
1393 866 1554 908 aberat.
1615 865 1700 908 Hic
1728 866 1776 908 in

253 937 431 993 epistola
460 936 495 990 Ῑ,
527 937 553 977 3
593 949 719 989 aegre
747 934 853 988 fert,
893 933 1006 989 quod
1043 933 1299 989 magistrum
1335 936 1434 988 post
1470 936 1641 976 tantum
1670 936 1776 976 tem-

251 1006 364 1061 poris
396 1004 582 1060 spatium
611 1017 700 1045 non
731 1002 904 1056 viderit3
942 1001 1171 1056 respondet
1207 1001 1368 1043 Fronto
1403 1003 1447 1044 et
1477 1002 1646 1057 culpam
1677 1017 1702 1043 3
1731 1016 1776 1043 86

253 1075 418 1116 amovet
447 1073 493 1114 in
525 1072 647 1127 epist.
665 1070 714 1125 11,
746 1069 786 1111 4.
847 1069 1090 1112 Dolendum
1126 1071 1191 1111 est
1227 1070 1406 1125 periisse
1436 1070 1547 1125 quod
1575 1070 1622 1112 in
1653 1085 1777 1112 excu-

235 1142 417 1184 -satione
446 1140 724 1196 praecipuum
753 1138 897 1180 fuerit.
953 1137 1036 1180 Sed
1064 1138 1366 1193 imperatores,
1401 1153 1497 1180 cum
1527 1138 1608 1180 sibi
1637 1137 1685 1180 in
1714 1153 1776 1180 se-

252 1212 356 1253 natu
387 1224 512 1263 saepe
542 1208 671 1250 verba
699 1200 1093 1260 facienda⁸essent‚
1133 1206 1353 1248 redierunt
1383 1207 1436 1248 ad
1466 1206 1608 1248 studia
1636 1206 1776 1249 rheto-

252 1278 361 1331 1163,
401 1292 508 1332 quae
539 1276 708 1320 Marcus
746 1290 823 1330 per
859 1274 1016 1316 multos
1056 1289 1193 1316 annos
1229 1274 1316 1316 iam
1351 1273 1479 1329 plane
1517 1275 1774 1330 deseruerat,

251 1346 406 1387 Lucius
450 1346 591 1386 autem
627 1344 689 1385 ita
727 1343 959 1398 coluerat‚.
985 1344 1034 1384 ut
1077 1357 1166 1384 non
1211 1343 1315 1384 adeo
1359 1343 1588 1385 haberetur
1627 1342 1778 1385 melior

253 1415 394 1455 orator
425 1428 552 1468 quam
588 1413 735 1467 poeta,
783 1412 855 1453 sed
885 1411 1005 1466 peior
1040 1413 1168 1466 poeta
1205 1426 1333 1466 quam
1369 1411 1528 1453 rhetor.
1589 1410 1774 1466 Marcus,

252 1482 324 1536 qui
353 1481 613 1522 Frontonem
645 1480 829 1535 amabat,
864 1480 1067 1521 continuo
1095 1479 1310 1521 intellexit
1338 1494 1383 1521 se
1412 1479 1477 1521 uti
1507 1478 1660 1521 debere
1688 1494 1776 1520 ma·

253 1549 378 1605 gistri
411 1548 619 1603 consiliis,
663 1548 781 1590 cuius
812 1547 981 1590 dicendi
1011 1562 1149 1603 genus
1180 1547 1261 1590 etsi
1289 1548 1381 1603 ipse
1410 1547 1592 1589 fortasse
1621 1547 1777 1603 impro-

252 1618 394 1671 baret,
433 1617 558 1658 unice
589 1618 730 1658 tamen
764 1617 964 1672 placebat
994 1615 1277 1658 senatoribus.
1338 1615 1397 1658 Et
1426 1630 1648 1671 possumus
1677 1630 1777 1671 quo-

253 1685 475 1727 dammodo
515 1685 740 1726 aestimare
787 1684 1014 1726 mirificam
1050 1684 1166 1726 1111118
1204 1684 1358 1726 3613118
1396 1683 1656 1726 senatoriam
1694 1683 1776 1726 elo-

253 1753 484 1808 quentiam,
517 1753 627 1795 lecto
656 1754 830 1795 senatus
860 1752 1017 1794 iudicio
1048 1752 1099 1793 de
1131 1751 1360 1794 Commodo
1389 1751 1631 1806 interfecto,
1664 1752 1777 1807 quod

253 1821 437 1863 servavit
456 1821 744 1876 Lampridius:
775 1820 903 1862 facile
925 1820 1147 1874 credimus,
1177 1834 1307 1875 quum
1327 1820 1456 1875 vulgo
1474 1820 1537 1861 ita
1557 1819 1776 1874 loqueren-
1798 1832 1800 1835 ·

252 1891 336 1943 1111,
367 1889 628 1931 Frontonem
656 1889 845 1931 tenuisse
875 1888 1116 1944 principem
1144 1887 1191 1929 in
1221 1887 1400 1929 dicendo
1429 1887 1582 1930 locum.
1623 1887 1671 1930 L.
1694 1887 1777 1930 Ve-

253 1972 325 1999 rus
357 1959 518 2012 autem,
559 1958 630 2013 qui
666 1958 713 1999 in
742 1957 810 1999 his
841 1956 992 1998 studiis
1023 1958 1066 1998 et
1095 1956 1187 2011 ipse
1218 1955 1378 2010 aliquid
1407 1956 1549 1998 videre
1580 1970 1624 1998 86
1653 1957 1777 2011 111113-

254 2025 343 2079 bat,
376 2040 425 2067 63
456 2026 704 2081 arrogantia
734 2040 850 2080 118118,
883 2039 1011 2079 quam
1031 2038 1159 2079 saepe
1184 2023 1498 2066 animadvertas
1527 2023 1575 2065 in
1604 2024 1671 2078 iis,
1704 2024 1777 2079 qui

255 2108 405 2148 parum
434 2095 708 2149 profecerunt
744 2094 791 2136 in
821 2106 1085 2148 quacumque
1117 2093 1207 2134 arte
1238 2106 1283 2133 se
1313 2091 1601 2146 exercuerint,
1633 2091 1778 2133 nescio
1816 2127 1824 2136 .

255 2162 355 2216 quid
384 2162 430 2203 in
459 2161 675 2204 Frontone
706 2160 1039 2217 reprehenderat
1069 2161 1112 2202 et
1142 2159 1350 2214 quaedam
1379 2160 1604 2200 monuerat
1634 2159 1685 2200 de
1706 2174 1778 2215 op-

254 2229 358 2270 timo
388 2244 543 2285 genere
574 2229 756 2271 dicendi.
817 2228 1066 2284 Respondet
1095 2227 1277 2282 Fronto,
1319 2226 1385 2268 6111
1423 2241 1500 2268 8113
1535 2226 1660 2269 unice
1689 2227 1779 2282 pla-

258 2297 424 2351 cebant,
458 2298 614 2352 animo,
647 2300 696 2338 ut
716 2297 890 2352 opinor,
923 2295 1126 2350 subirato,
1158 2298 1205 2337 in
1226 2294 1407 2349 epistola
1428 2294 1482 2335 ad
1501 2293 1663 2336 Verum
1682 2294 1717 2349 Ι,
1740 2295 1776 2337 1.

256 2365 354 2420 „Sit
383 2366 494 2420 quod
522 2366 594 2407 ille
623 2365 762 2420 iubet,
801 2366 966 2407 rectum
1001 2363 1183 2405 fortasse
1222 2362 1296 2404 sed
1333 2376 1474 2404 serum
1505 2363 1591 2403 est:
1640 2377 1779 2418 neque

256 2433 370 2474 enim
399 2434 542 2475 onmia
572 2448 679 2489 quae
708 2433 818 2475 ratio
847 2431 1058 2487 postulat,
1091 2431 1220 2473 etiam
1252 2431 1369 2472 aetas
1397 2429 1602 2472 tolerat.“
1661 2430 1780 2473 Ami-

258 2501 357 2542 citia
387 2502 533 2542 tamen
563 2501 724 2543 mansit
752 2500 990 2542 incolumis.

368 2568 548 2610 Interim
577 2569 749 2611 Marcus
779 2568 945 2623 legerat
975 2569 1018 2609 et
1046 2566 1259 2622 relegerat
1287 2566 1518 2608 Frontonis
1549 2566 1777 2621 orationes,

257 2650 361 2689 quas
398 2637 653 2679 meminerat
697 2651 740 2678 se
781 2635 1095 2677 adolescentem
1132 2650 1227 2677 cum
1259 2634 1538 2676 admiratione
1577 2635 1621 2675 et
1663 2633 1780 2676 volu-

258 2704 375 2755 ptate
404 2704 633 2758 audivisse,
666 2704 915 2758 inter‘quas
946 2705 990 2745 et
1017 2703 1092 2745 illa
1113 2704 1226 2757 6131,
1259 2717 1387 2758 quam
1407 2701 1509 2743 olim
1537 2700 1583 2742 in
1615 2701 1780 2746 caelum

260 2769 468 2811 extulerat
512 2771 562 2812 de
607 2771 674 2812 Pii
718 2771 935 2813 laudibus:
985 2771 1144 2813 Fronto
1187 2770 1348 2827 gratias
1394 2768 1486 2824 agit
1523 2768 1575 2810 ad
1613 2768 1776 2810 Anton.

259 2834 366 2889 Imp.
405 2836 461 2891 11,
501 2837 541 2890 2.
602 2838 764 2880 Eodem
803 2853 916 2880 anno
958 2838 1057 2893 161,
1097 2853 1179 2894 quo
1216 2838 1276 2880 M.
1316 2835 1516 2879 Aurelius
1552 2836 1778 2891 imperium
