1968 3158
441 172 506 209 AD
530 172 578 208 M.
604 171 899 209 ANTONINUM
922 172 986 209 DE
1008 170 1319 216 ELOQUENTIA
1561 172 1642 215 143

100 289 236 347 persit
267 321 772 332 ............
808 287 1638 342 [¹....comisese..sido....

194 390 203 400 .
238 390 248 400 .
280 357 344 400 nil
374 372 425 400 ac
458 356 639 413 capillus
670 356 750 399 etsi
782 370 870 398 non
902 355 1076 399 cottidie
1107 371 1187 399 acu
1218 356 1460 411 ornandus,
1492 357 1641 398 tamen

100 425 273 483 pectine
304 426 459 469 cotidie
490 425 777 482 expediendus
809 427 874 467 est
907 457 1274 467 .........
1289 425 1322 480 1²
1352 424 1485 467 fuisse
1516 423 1640 467 Croe-

101 508 196 537 sum
225 496 270 537 et
299 493 520 550 Solonem,
553 493 836 537 Periandrum
879 494 923 535 et
952 492 1231 548 Polycraten,
1276 492 1533 536 Alcibiaden
1571 492 1641 535 de-

100 562 232 619 nique
263 564 306 605 et
337 562 583 606 Socratem.

215 630 319 681 Quis
350 630 520 673 dubitat
556 629 795 685 sapientem
835 628 889 671 ab
919 628 1152 684 insipiente
1168 629 1250 671 'vel
1281 629 1510 686 praecipue
1542 643 1640 672 con-

101 698 197 742 silio
227 700 272 742 et
301 698 460 741 dilectu
490 712 633 741 rerum
664 699 707 740 et
736 697 939 752 opinione
970 696 1217 739 discerni3‘?
1278 696 1339 740 Ut
1369 698 1404 740 si
1435 697 1493 740 sit
1522 697 1641 753 optio

102 769 230 823 atque
261 766 413 809 electio
443 765 691 809 divitiarum
730 767 858 821 atque
889 765 1118 821 egestatis,
1162 779 1421 821 quamquam
1459 768 1641 822 utraque

101 836 146 877 et
173 834 343 877 malitia
373 836 417 877 et
446 834 606 877 virtute
628 835 819 888 careant,
851 835 999 888 tamen
1021 832 1276 875 electionem
1304 833 1429 876 laude
1450 837 1494 876 et
1516 834 1641 890 culpa

87 892 190 945 ⁴non
229 917 387 945 carere.
448 902 677 958 Proprium
714 915 900 958 namque
939 901 1147 956 sapientis
1185 901 1377 944 officium
1415 904 1481 944 est
1524 904 1641 945 recte

103 970 262 1027 eligere
275 971 306 1025 ¹³,
338 985 477 1027 neque
507 984 734 1026 perperam
763 969 832 1012 vel
862 971 1123 1025 postponere
1153 969 1221 1012 vel
1251 970 1480 1012 anteferre.

216 1037 261 1082 Si
281 1053 350 1081 me
370 1039 638 1095 interroges,
672 1037 1030 1094 concupiscamne
1055 1037 1216 1080 bonam
1231 1038 1543 1094 valetudinem,
1569 1038 1640 1080 ab·

101 1121 234 1150 nuam
254 1107 465 1164 equidem,
498 1107 534 1149 si
555 1107 639 1149 sim
659 1105 962 1163 philosophus:
994 1105 1105 1148 nihil
1126 1107 1193 1148 est
1213 1106 1329 1149 enim
1348 1106 1416 1148 fas
1441 1107 1641 1162 concupi-

102 1189 219 1218 scere
229 1176 416 1231 sapienti
434 1177 510 1218 aut
527 1175 742 1230 adpetere,
757 1175 870 1231 quod
884 1175 974 1217 fors
986 1173 1084 1216 fuat
1100 1189 1154 1217 an
1166 1175 1330 1218 frustra
1341 1175 1640 1230 concupiscam

102 1257 182 1286 nec
198 1243 444 1300 quidquam,
463 1244 576 1300 quod
594 1244 641 1285 in
658 1255 789 1285 manu
807 1243 1011 1286 fortunae
1024 1242 1155 1285 situm
1174 1242 1331 1299 videat,
1350 1243 1638 1298 concupiscet.

215 1310 379 1354 Tamen
418 1312 455 1354 si
492 1311 736 1354 necessario
775 1311 833 1354 sit
869 1311 1007 1353 altera
1046 1325 1113 1352 res
1155 1311 1377 1367 eligenda,
1426 1310 1640 1354 Achillei⁴

102 1379 246 1434 potius
284 1379 588 1435 pernicitatem
620 1379 780 1436 eligam
811 1394 940 1436 quam
978 1379 1246 1422 debilitatem
1275 1379 1582 1422 Philoctetaee.
1700 1436 1706 1439 ³

216 1446 364 1490 Simile
393 1448 528 1505 igitur
557 1448 605 1490 in
632 1448 881 1504 eloquentia
911 1448 1189 1490 servandum:
1229 1462 1319 1490 non
1349 1462 1476 1504 opere
1507 1448 1641 1490 nimio

104 1516 382 1571 concupiscas
413 1516 565 1572 igitur,
597 1531 678 1559 nec
709 1531 837 1572 opere
867 1516 1001 1558 nimio
1033 1530 1250 1558 aversere:
1281 1517 1401 1558 tum5
1423 1517 1459 1558 si
1481 1516 1641 1573 eligen-

104 1584 205 1626 dum
235 1584 305 1639 sit,
337 1584 467 1640 longe
497 1583 711 1640 longeque
742 1584 1031 1640 eloquentiam
1059 1583 1273 1626 infantiae
1305 1584 1570 1640 praeferasd.

218 1652 375 1694 Audivi
404 1654 447 1694 te
477 1666 802 1708 nonnumquam
841 1653 903 1695 ita
933 1652 1168 1695 dicentem:
1208 1654 1254 1695 at
1285 1653 1400 1695 enim
1432 1667 1529 1695 cum
1567 1653 1641 1695 ali-

103 1720 202 1776 quid
236 1720 456 1776 pulchrius
486 1719 678 1763 elocutus
709 1735 817 1775 sum,
850 1720 1000 1776 placeo
1022 1719 1129 1763 mihi
1150 1721 1642 1777 ideoqueeloquentiam

101 1787 236 1844 fugio.
280 1787 394 1838 Quin
423 1790 473 1830 tu
502 1788 644 1844 potius
675 1788 827 1844 illud!6
858 1789 1038 1844 corrigis
1060 1803 1110 1831 ac
1130 1789 1327 1844 mederis,
1358 1789 1438 1831 ne⁷
1470 1789 1642 1844 placeas

218 1936 241 1961 a
264 1927 309 1960 In
333 1929 484 1971 margine
505 1930 657 1972 payz'nae
680 1929 894 1971 superioris.-
932 1953 1084 1961 .....
1111 1925 1209 1961 emin
1240 1924 1297 1960 dis
1324 1952 1476 1962 .....
1503 1937 1523 1962 e
1548 1925 1642 1962 Croe

108 2001 115 2017 2
146 2010 152 2017 .
182 2011 188 2017 .
219 2010 226 2017 .
254 2010 261 2017 .
289 1980 463 2018 Socrates
491 2010 715 2018 .......
743 1993 799 2018 en.

216 2039 241 2074 b
266 2041 312 2074 ln
336 2042 503 2083 marqine:
545 2037 701 2084 Sapiens
726 2039 774 2075 ab
797 2038 996 2084 insipiente
1022 2038 1173 2075 consilio
1197 2039 1417 2085 plerumque
1442 2039 1581 2076 dilectu
1605 2041 1644 2076 et

103 2094 277 2142 opinione
303 2094 535 2131 discernitur.
584 2095 783 2142 Proprium
807 2095 985 2142 sapientis
1009 2097 1110 2132 recte
1136 2095 1287 2142 eligere.

97 2154 101 2161 '
217 2163 237 2188 c
260 2155 305 2187 In
328 2156 497 2198 maryine:
523 2151 680 2198 Sapiens
703 2152 795 2187 nihil
821 2163 866 2188 ex
889 2151 960 2197 his,
986 2163 1082 2197 quae
1106 2151 1145 2188 in
1167 2164 1282 2188 manu
1306 2153 1480 2189 fortunae
1504 2153 1642 2198 videat,

104 2209 341 2255 concupiscit.
377 2209 420 2244 In
436 2209 619 2245 electione
642 2210 770 2245 tamen
787 2209 934 2255 sapiens
951 2209 1087 2245 Achilli
1102 2210 1228 2256 potius
1243 2209 1506 2256 pernicitatem
1530 2222 1642 2256 quam

104 2265 336 2302 Philoctetae
362 2265 598 2302 debilitatem
621 2266 832 2312 praeoptet.

217 2322 242 2357 d
266 2325 311 2358 In
335 2326 502 2368 margine:
529 2322 774 2368 eloquentiam
799 2336 904 2368 opere
929 2323 1043 2359 nimio
1069 2323 1405 2370 concupiscendam
1428 2325 1588 2370 sapienti
1612 2325 1643 2360 si

41 2380 46 2385 ⁴
105 2378 318 2424 eligendum
334 2378 392 2429 sit
415 2390 499 2415 eam
522 2378 703 2415 infantiae
727 2379 1025 2426 praeferendam.

219 2495 235 2526 1
263 2490 439 2537 Sequitur
464 2492 552 2529 Cod.
577 2505 613 2539 p.
630 2497 697 2529 394
721 2504 816 2538 quae
841 2493 984 2530 interiit
1007 2494 1159 2539 praeter
1183 2493 1331 2530 unicam
1355 2494 1580 2531 sententiam
1603 2496 1643 2531 in

103 2549 282 2596 margine.

219 2610 239 2642 2
264 2605 400 2652 Incipit
423 2605 511 2642 Cod.
538 2618 574 2652 p.
601 2611 677 2643 393.

218 2667 238 2699 3
262 2663 321 2699 Ita
345 2662 486 2706 Codex;
512 2666 697 2699 discerent.
743 2662 875 2699 Maius.

216 2723 239 2755 4
263 2719 351 2755 Cod.
378 2731 449 2755 sec.
475 2731 523 2754 ni.
551 2711 689 2757 Achiui.
726 2720 771 2755 cf.
796 2719 927 2755 Horat.
953 2719 1073 2757 Carm.
1099 2720 1125 2756 Ι.
1155 2724 1205 2756 15.
1232 2723 1277 2757 34
1302 2722 1341 2757 et
1356 2721 1474 2768 Epod.
1504 2726 1555 2758 17.
1586 2727 1638 2760 14.

218 2779 239 2811 ὅ
262 2775 392 2811 Malim
423 2784 544 2813 lamen.
595 2780 830 2822 Heindorfius.

219 2837 240 2869 6
263 2833 400 2879 Incipit
423 2832 512 2869 Cod.
539 2845 575 2879 p.
601 2837 678 2870 400.

183 2907 186 2909 Δ
218 2893 238 2925 ’1
264 2888 353 2926 eod.
378 2901 435 2936 pr.
461 2901 510 2926 m.
537 2903 610 2926 nec.
