1968 3158
235 150 289 192 70
514 148 561 182 Μ.
583 146 808 182 CORNELII
833 143 1108 180 FRONTONIS
1133 143 1474 180 EPISTULARUM

235 263 438 304 redimus:
478 260 697 315 paululum
733 258 877 299 studui
917 259 1055 312 atque
1079 257 1146 299 id¹
1192 258 1399 312 ineptum.
1459 259 1625 301 Deinde
1664 274 1760 301 cum

235 330 467 371 matercula
497 342 591 368 mea
621 341 749 381 supra
778 328 920 367 torum
958 326 1132 367 sedente
1168 325 1350 367 multum
1381 326 1578 381 gan-ivia.
1639 326 1759 369 Meus

235 411 372 439 sermo
403 396 473 437 hie
494 397 604 436 erat:
636 394 738 449 quid
759 393 976 435 existimas
997 394 1121 435 modo
1142 408 1283 434 meum
1302 393 1563 436 Frontonem
1588 395 1760 437 facere?

235 466 343 506 Tum
373 464 466 505 illa:
505 462 606 517 quid
646 463 788 503 autem
825 463 874 503 tu
902 462 1065 503 meam²
1098 460 1324 503 Gratiam?
1382 461 1492 503 Tum
1522 476 1620 518 ego:
1659 462 1761 517 quid

236 532 403 575 autem³
447 529 714 585 paserculam
742 532 934 571 nostram
965 529 1160 572 Gratiam
1196 529 1511 571 minusculam?
1570 529 1682 571 Dum
1712 545 1762 572 ea

234 600 475 642 fabulamur
517 600 643 653 atque
689 598 944 639 altercamur
961 631 972 652 7
1024 599 1119 640 uter
1165 597 1345 639 alterum
1388 600 1579 639 vestrum
1622 598 1761 653 magis

236 669 410 721 amaret,
452 666 592 708 discus
631 666 808 721 crepuit,
841 666 885 707 id
916 667 979 707 est
1008 667 1132 721 pater
1160 680 1278 707 meus
1308 665 1354 707 in
1384 666 1587 708 balneum
1622 667 1761 707 trans·

235 736 317 776 isse
354 734 580 776 nuntiatus
619 736 696 775 est.
758 733 854 775 Loti
883 734 1019 789 igitur
1054 734 1100 775 in
1130 734 1335 776 torculari
1368 733 1632 788 cenavimus3
1673 748 1762 775 non

234 803 311 844 loti
340 803 387 844 in
416 801 640 856 torculari,
682 802 755 844 sed
792 801 870 843 loti
910 801 1174 858 cenavimus3
1213 803 1255 843 et
1290 801 1471 843 rusticos
1512 801 1762 843 cavillantes

237 871 472 912 audivimus
502 869 700 911 libenter.
759 869 866 910 Inde
904 883 1111 924 reversus,
1150 870 1398 924 priusquam
1435 869 1529 911 me4
1566 870 1612 910 in
1649 869 1762 911 latus

237 940 437 981 converto
467 940 516 979 ut
545 939 736 991 stertam,
774 952 915 979 meum
943 952 1124 992 pensum
1155 938 1320 992 explico
1354 939 1405 979 et
1435 937 1518 979 diei
1548 938 1759 979 rationem

234 1021 328 1048 meo
358 1006 608 1048 suavissimo
637 1005 844 1061 magistro
874 1005 1017 1059 reddo,
1057 1019 1182 1060 quem
1221 1005 1257 1047 si
1291 1019 1459 1060 possem
1488 1005 1626 1061 magis
1656 1005 1763 1047 desi-

235 1075 397 1129 derare,
430 1074 616 1116 libenter
645 1073 886 1129 plusculum
916 1088 1167 1115 macerarer.
1228 1073 1404 1115 Valebis
1442 1072 1547 1114 mihi
1586 1072 1760 1127 Fronto,

235 1142 384 1184 ubiubi
417 1157 474 1198 es,
507 1141 803 1196 mellitissime,
836 1156 955 1183 meus
986 1156 1116 1196 amor,
1149 1156 1244 1183 mea
1273 1141 1482 1196 voluptas.
1520 1139 1631 1190 Quid
1657 1139 1764 1182 mihi

234 1212 377 1253 tecum
408 1210 504 1253 est?
535 1224 629 1252 amo
660 1210 894 1252 absentem.

474 1346 585 1389 VII.
630 1346 762 1389 Habe
792 1346 914 1388 mihi
944 1346 1174 1400 Magister
1203 1345 1515 1388 Dulcissime!

349 1438 542 1480 Tandem
584 1437 833 1480 tabellarius
877 1437 1182 1492 proficiscitur,
1236 1438 1278 1478 et
1331 1450 1410 1491 ego
1458 1435 1589 1477 tridui
1613 1435 1645 1491 {5
1667 1437 1764 1477 acta

236 1522 331 1548 mea
351 1507 420 1548 ad
464 1508 508 1547 te
545 1506 720 1547 tandem
756 1519 930 1560 possum
967 1504 1193 1546 dimittere.
1252 1503 1345 1550 Nec
1382 1503 1607 1558 quicquam
1649 1503 1764 1558 dico3

236 1576 298 1616 ita
342 1573 545 1633 epistulis,
591 1587 722 1628 prope
769 1573 849 1614 ad(3
897 1572 1021 1614 XXX
1071 1571 1282 1614 dictandis
1327 1571 1525 1626 spiritum
1568 1570 1762 1612 insumsi.

237 1642 350 1685 Nam
380 1641 491 1696 quod
522 1641 712 1696 proxime
748 1640 830 1682 tibi
866 1641 916 1682 de
955 1640 1148 1696 epistulis
1186 1640 1427 1695 placuerat,
1466 1639 1658 1680 nondum
1688 1638 1764 1680 ad⁷

237 1712 404 1765 patrem
433 1723 574 1750 meum
612 1708 782 1763 pertuli.
846 1707 928 1750 Sed
967 1723 1076 1762 eum,
1117 1708 1180 1749 dis
1216 1706 1477 1760 iuvantibus,
1526 1706 1579 1748 ad
1615 1706 1764 1748 urbem

237 1778 469 1831 veniemus,
503 1777 681 1818 admone
711 1791 778 1818 me
808 1778 856 1818 ut
885 1776 965 1818 tibi
998 1776 1158 1831 aliquid
1189 1776 1239 1817 de
1270 1775 1351 1816 hae
1381 1789 1426 1816 re
1456 1789 1640 1816 narrem.
1682 1773 1764 1816 Sed

238 1860 344 1901 quae
374 1847 450 1887 tua
481 1846 523 1886 et
552 1859 647 1886 mea
677 1844 907 1901 meteorjass
938 1846 1016 1898 est,
1048 1858 1186 1899 neque
1216 1845 1264 1885 tu
1293 1857 1361 1885 me
1393 1842 1653 1897 admonebis,
1691 1856 1764 1884 ne-

239 1929 319 1968 que
350 1928 428 1968 ego
458 1912 538 1954 tibi
567 1912 772 1966 narrabo,
814 1914 940 1967 atque
983 1911 1098 1954 enim
1134 1925 1281 1953 revera
1318 1925 1423 1966 opus
1463 1910 1655 1952 consulto
1687 1911 1762 1952 est.

238 1981 359 2035 Vale,
393 1996 534 2022 meum
562 1987 632 2012 -——’
648 1981 749 2036 quid
784 1980 943 2034 dicam,
986 1979 1190 2034 quidquid
1227 1979 1365 2021 dicere
1403 1978 1506 2020 satis
1543 1992 1631 2019 non
1669 1977 1765 2020 est?

238 2075 295 2081 —
324 2049 416 2091 vale
446 2064 587 2091 meum
617 2049 884 2113 desiderium,
916 2063 1011 2090 mea
1043 2046 1144 2104 [lux‚
1176 2046 1285 2104 mea]
1320 2046 1557 2101 voluptas.9

355 2197 377 2220 a
402 2188 446 2220 In
468 2188 635 2230 margine:
663 2184 755 2220 Cum
778 2184 994 2220 matercella
1017 2195 1101 2219 mea
1124 2182 1281 2218 multum
1305 2181 1455 2228 garravi
1479 2181 1566 2226 (sic).

356 2338 371 2368 1
399 2332 486 2368 Cod.
513 2345 568 2378 pr.
594 2344 642 2367 m.
668 2335 724 2368 ad.

555 2389 634 2415 TUm

356 2428 375 2459 2
402 2423 542 2458 Codex:
567 2423 681 2458 EAG).

565 2479 638 2506 AUT

355 2519 375 2550 3
401 2514 539 2549 Codex:
565 2514 646 2549 ΕΟ).

354 2575 375 2605 4
399 2570 494 2605 Add.
522 2581 592 2605 seo.
619 2582 666 2605 m.

356 2631 376 2662 5
400 2626 533 2672 Incipit
558 2626 646 2663 Cod.
671 2626 757 2662 Vat.
782 2639 818 2672 p.
839 2629 913 2662 184.

357 2688 376 2718 6
401 2683 495 2718 Add.
521 2695 591 2718 sec.
617 2695 664 2719 m.

357 2744 376 2774 7
401 2740 495 2774 Add.
520 2751 590 2775 sec.
616 2752 664 2775 m.

357 2800 377 2830 8
401 2796 482 2830 Vox
506 2795 666 2840 repetita
689 2796 727 2831 in
751 2796 930 2841 margine.

358 2857 378 2887 9
403 2852 588 2898 Scriptum
612 2864 681 2888 sec.
707 2865 754 2888 m.
