1968 3158
246 168 326 211 134
533 166 582 201 M.
609 164 837 200 CORNELII
860 162 1137 199 FRONTONJS
1162 162 1504 200 EPISTULARUM

243 296 292 322 eo
323 283 428 335 aput
464 282 507 321 te
538 294 589 320 ex
621 278 754 320 animi
784 278 870 319 mei
909 277 1125 319 sententia
1167 292 1259 319 sum
1296 278 1530 320 fabulatus.
1590 278 1683 322 Nec
1721 279 1775 321 ab

243 364 287 390 re
319 363 409 390 esse
439 349 542 402 puto
572 360 804 388 memorem
832 348 876 388 te
906 348 1053 388 tamen
1084 344 1328 388 admonere.

356 416 396 456 A
433 416 571 470 prima
609 416 748 457 aetate
785 429 861 456 sua
891 428 959 456 me
991 414 1156 456 curavit
1179 409 1345 456 *Gavius
1377 414 1527 458 Clarus
1555 415 1776 457 familiari-

242 486 322 538 ter,
355 498 443 525 non
472 483 597 525 modo
627 483 679 525 iis
710 482 878 538 officiis,
910 482 1063 538 quibus
1085 484 1257 524 senator
1279 485 1417 525 aetate
1446 485 1489 525 et
1517 483 1610 525 loco
1639 483 1778 525 minor

242 551 448 593 maiorem
477 551 615 607 gradu
646 552 774 606 atque
803 553 911 592 natu
932 552 1175 593 senatorem
1203 551 1336 606 probe
1362 551 1464 593 colit
1485 566 1535 593 ac
1566 565 1777 606 promere-

244 623 332 674 tur3
364 619 438 661 sed
466 619 676 674 paulatim
707 618 898 661 amicitia
919 621 1067 660 nostra
1088 633 1136 661 eo
1157 619 1379 675 processit,
1413 622 1460 661 ut
1489 633 1627 674 neque
1656 619 1778 660 illum

245 688 415 743 pigeret
444 701 583 742 neque
603 701 671 729 me
692 687 885 742 puderet,
919 701 969 729 ea
990 687 1113 728 illum
1134 688 1330 730 oboedire
1360 687 1480 742 mihi,
1513 701 1621 742 quae
1650 687 1778 730 clien-

244 756 331 798 tes¹
347 789 358 811 ,
399 770 507 810 quae
543 755 689 797 liberti
728 755 875 797 fideles
913 770 964 797 ac
992 755 1194 798 laboriosi
1225 756 1506 810 obsecuntur3
1539 755 1658 796 nulla
1696 754 1778 797 hoc

246 818 320 866 aut
357 839 451 865 mea
488 823 720 865 insolentia
759 825 832 864 aut
868 823 983 865 illius
1023 823 1288 878 adulatione3
1328 824 1401 874 sed
1430 825 1580 865 mutua
1621 825 1777 865 caritas

245 895 392 935 nostra
423 895 466 934 et
496 906 616 934 amor
645 906 769 934 verus
801 891 960 933 ademit
989 892 1158 946 utrique
1179 893 1374 934 nostrum
1395 891 1441 933 in
1462 891 1617 933 officiis
1637 891 1778 933 mode-

245 961 390 1003 randis
421 975 591 1002 omnem
621 960 975 1002 detrectationem
985 968 1014 1001 ²¹.
1699 962 1706 966 '

358 1028 469 1079 Quid
498 1043 576 1085 ego
597 1042 827 1070 memorem
856 1028 1034 1083 negotia
1062 1027 1109 1068 in
1138 1027 1231 1069 foro
1262 1030 1410 1069 nostra
1439 1027 1618 1069 minima
1647 1027 1779 1069 maxi-

244 1112 397 1153 maque
429 1097 483 1139 ab
515 1111 563 1139 eo
596 1095 774 1138 curata?
825 1098 900 1138 aut
929 1096 1042 1137 domi
1077 1095 1214 1151 quod²
1245 1096 1414 1150 uspiam
1443 1097 1558 1137 recte
1590 1095 1780 1137 clausum

246 1168 320 1208 aut
356 1166 635 1221 opsignatum
682 1166 756 1206 aut
797 1166 992 1206 curatum
1030 1165 1104 1205 aut
1144 1164 1387 1205 confectum
1431 1163 1573 1219 {³quid
1610 1163 1777 1218 vellem,

245 1249 312 1276 me
343 1234 419 1275 uni
449 1234 550 1275 huic
580 1233 806 1274 mandasse
838 1234 881 1274 et
913 1232 1254 1274 concredidisse?

363 1301 446 1344 Sed
475 1301 587 1357 quod
618 1300 816 1342 alumnus
837 1314 956 1342 meus
986 1314 1115 1355 aegre
1139 1299 1361 1354 tuleraret‚
1394 1300 1632 1342 valetudini
1661 1294 1780 1341 meae

248 1370 460 1412 curandae
502 1371 564 1411 ita
611 1382 778 1424 semper
822 1368 1006 1422 studuit,
1052 1369 1222 1409 tantam
1268 1368 1384 1409 omni
1421 1370 1613 1423 tempore
1651 1367 1781 1409 etiam

247 1453 420 1493 operam
452 1437 586 1491 dedit,
626 1439 675 1478 ut
712 1436 944 1478 excubaret
975 1436 1105 1477 etiam
1137 1450 1267 1491 aegro
1297 1435 1425 1490 mihi,
1460 1438 1523 1490 et,
1564 1436 1638 1477 ubi
1674 1436 1780 1478 meis

248 1521 327 1562 ego
357 1506 422 1547 uti
451 1505 649 1547 manibus
681 1519 756 1559 per
787 1504 1075 1546 valetudinem
1104 1518 1193 1545 non
1224 1518 1416 1559 possem,
1456 1518 1588 1545 manu
1618 1518 1695 1545 sua
1726 1503 1781 1545 ci-

251 1575 323 1616 bos
355 1574 407 1615 ad
437 1588 483 1615 os
513 1588 655 1615 meum
686 1572 887 1614 adferret.
949 1571 1171 1613 Postremo
1202 1571 1238 1613 si
1268 1572 1370 1626 quid
1399 1571 1669 1626 humanitus,
1711 1571 1782 1612 ab·

248 1644 367 1684 sente
399 1641 623 1683 Victorino
661 1642 704 1682 et
734 1640 905 1681 domino
935 1639 1070 1681 fratre
1100 1654 1216 1694 meo,
1257 1638 1362 1680 mihi
1394 1639 1641 1694 accidisset,
1681 1639 1781 1681 huic

248 1711 361 1752 iusta
393 1709 558 1764 corpori
589 1723 683 1750 meo
716 1708 904 1750 curanda
934 1708 1148 1750 mandavi.
1190 1707 1495 1749 Praesentibus
1520 1707 1651 1749 etiam
1679 1706 1779 1761 illis,

249 1778 403 1820 abhoc
424 1777 694 1832 potissimum
726 1790 878 1831 corpus
908 1790 1051 1817 meum
1082 1775 1342 1817 contrectari
1372 1775 1501 1829 volui,
1533 1789 1616 1830 quo
1638 1775 1781 1816 minus

250 1847 405 1888 doloris
437 1846 490 1887 ad
519 1845 698 1887 fratrem
729 1847 773 1887 et
800 1859 1016 1900 *generum
1053 1859 1195 1885 meum
1233 1858 1284 1885 ex
1317 1845 1518 1885 contactu
1547 1843 1660 1884 111104
1693 1857 1781 1885 cor-

250 1915 365 1969 poris
395 1914 479 1956 me'i
509 1913 766 1969 perveniret.

363 1981 482 2023 Haec
521 1981 626 2023 mihi
665 1995 761 2022 cum
800 1980 935 2022 Gavio
975 1979 1100 2022 Olaro
1136 1980 1230 2022 iura
1268 1981 1369 2021 sunt
1382 1980 1412 2021 ¹³.
1474 1979 1566 2020 Iam
1604 1993 1705 2034 ego,
1747 1979 1783 2020 si

250 2065 318 2092 res
348 2049 573 2091 familiaris
603 2049 710 2090 mihi
741 2048 902 2104 largior
932 2050 1057 2102 esset7
1090 2062 1145 2089 ne
1160 2048 1277 2102 -quid
1308 2048 1361 2089 ad
1392 2047 1604 2089 senatoris
1634 2046 1783 2088 munia

249 2118 377 2160 facile
407 2117 631 2159 toleranda
662 2117 866 2170 deesset⁵,
899 2115 1043 2157 omni6
1073 2125 1153 2170 ope
1184 2114 1474 2157 subvenirem:
1524 2128 1662 2168 neque
1693 2128 1782 2164 um-

366 2265 388 2288 a
414 2256 458 2288 In
482 2256 651 2298 margine:
675 2252 806 2287 Mutua
831 2251 966 2286 caritas
990 2250 1121 2286 nostra
1146 2251 1184 2285 et
1208 2259 1314 2285 amor
1332 2260 1441 2285 verus
1467 2249 1608 2284 ademit
1633 2248 1781 2293 utrique

251 2311 419 2346 nostrum
441 2310 480 2344 in
505 2309 635 2344 officiis
659 2308 898 2344 moderandis
922 2306 1157 2343 insolentiam
1182 2307 1220 2341 et
1245 2306 1508 2342 adulationem.

366 2367 390 2401 b
416 2369 460 2401 In
483 2369 654 2411 margine:
678 2365 780 2401 Haec
803 2364 895 2399 mihi
919 2385 962 2389 —
987 2364 1083 2398 sunt.

369 2486 386 2516 1
411 2481 529 2515 Fuere
553 2479 679 2525 igitur,
706 2477 770 2523 qui
787 2489 809 2513 a
830 2477 1013 2513 libertinis
1033 2476 1167 2512 diversi
1183 2476 1318 2519 cesent,
1345 2475 1497 2511 clientes
1512 2474 1783 2510 Antoninorum

254 2539 374 2574 adhuc
407 2538 547 2580 aetate,
579 2536 627 2571 ad
657 2546 770 2579 quam
802 2533 951 2569 omnino
981 2533 1099 2568 multa
1130 2545 1174 2569 ex
1206 2533 1373 2568 veterum
1403 2542 1506 2567 more
1543 2532 1781 2568 duraverunt.

255 2598 468 2630 Niebedzrz'us.

371 2656 390 2685 2
415 2649 668 2685 Heindorfius:
695 2653 845 2694 quoties;
868 2647 1068 2693 Hauptius:
1096 2660 1202 2693 quom.

369 2713 389 2743 3
413 2706 549 2752 Incipit
573 2705 660 2741 Cod.
687 2717 724 2750 p.
748 2708 824 2740 424.

368 2767 390 2797 4
415 2762 554 2798 Codex:
580 2769 758 2798 contactuu
784 2788 791 2795 .
821 2789 827 2795 .
856 2789 862 2795 .

372 2823 392 2854 5
417 2819 556 2854 Codex:
590 2822 736 2858 dessent,
762 2818 800 2853 et
825 2828 918 2853 corr.
945 2821 1115 2853 deessent.

371 2879 391 2909 6
415 2875 603 2920 Legerim:
630 2878 717 2910 omni
740 2879 774 2909 εἰ
796 2887 872 2920 ope.
921 2877 1153 2917 Heinclorfius.
