<?xml version="1.0" encoding="UTF-8"?>
<!DOCTYPE html PUBLIC "-//W3C//DTD XHTML 1.0 Transitional//EN"
    "http://www.w3.org/TR/xhtml1/DTD/xhtml1-transitional.dtd">
<html xmlns="http://www.w3.org/1999/xhtml" xml:lang="en" lang="en">
 <head>
  <title>
</title>
<meta http-equiv="Content-Type" content="text/html;charset=utf-8" />
  <meta name='ocr-system' content='tesseract 3.04.00' />
  <meta name='ocr-capabilities' content='ocr_page ocr_carea ocr_par ocr_line ocrx_word'/>
</head>
<body>
  <div class='ocr_page' id='page_1' title='image "./mcorneliifronton00fronuoft_0112.png"; bbox 0 0 1968 3158; ppageno 0'>
   <div class='ocr_carea' id='block_1_1' title="bbox 255 174 1495 220">
    <p class='ocr_par' dir='ltr' id='par_1_1' title="bbox 255 174 1495 220">
     <span class='ocr_line' id='line_1_1' title="bbox 255 174 1495 220; baseline 0.001 -10"><span class='ocrx_word' id='word_1_1' title='bbox 255 178 308 220; x_wconf 74' lang='lat'>72</span> <span class='ocrx_word' id='word_1_2' title='bbox 532 176 579 211; x_wconf 92' lang='lat' dir='ltr'>M.</span> <span class='ocrx_word' id='word_1_3' title='bbox 601 175 826 210; x_wconf 83' lang='lat' dir='ltr'>CORNELII</span> <span class='ocrx_word' id='word_1_4' title='bbox 850 174 1127 210; x_wconf 78' lang='lat' dir='ltr'>FRONTONIS</span> <span class='ocrx_word' id='word_1_5' title='bbox 1152 174 1495 212; x_wconf 84' lang='lat' dir='ltr'><strong>EPISTULARUM</strong></span> 
     </span>
    </p>
   </div>
   <div class='ocr_carea' id='block_1_2' title="bbox 254 280 1781 414">
    <p class='ocr_par' dir='ltr' id='par_1_2' title="bbox 254 280 1781 414">
     <span class='ocr_line' id='line_1_2' title="bbox 254 280 1781 346; baseline 0.001 -15"><span class='ocrx_word' id='word_1_6' title='bbox 254 291 372 332; x_wconf 86' lang='lat' dir='ltr'>illam</span> <span class='ocrx_word' id='word_1_7' title='bbox 402 290 539 345; x_wconf 85' lang='lat' dir='ltr'>ipsam</span> <span class='ocrx_word' id='word_1_8' title='bbox 584 288 824 343; x_wconf 70' lang='lat' dir='ltr'>epistulam,</span> <span class='ocrx_word' id='word_1_9' title='bbox 866 303 948 344; x_wconf 88' lang='lat' dir='ltr'>qua</span> <span class='ocrx_word' id='word_1_10' title='bbox 984 280 1386 346; x_wconf 42' lang='lat' dir='ltr'>icl&#39;significabam,</span> <span class='ocrx_word' id='word_1_11' title='bbox 1427 291 1650 333; x_wconf 85' lang='lat' dir='ltr'>scribendo</span> <span class='ocrx_word' id='word_1_12' title='bbox 1681 292 1781 333; x_wconf 80' lang='lat' dir='ltr'>(lare</span> 
     </span>
     <span class='ocr_line' id='line_1_3' title="bbox 255 357 1778 414; baseline 0.001 -14"><span class='ocrx_word' id='word_1_13' title='bbox 255 373 426 414; x_wconf 83' lang='lat' dir='ltr'>operam</span> <span class='ocrx_word' id='word_1_14' title='bbox 446 357 687 412; x_wconf 84' lang='lat' dir='ltr'>nequirem3</span> <span class='ocrx_word' id='word_1_15' title='bbox 717 358 782 399; x_wconf 82' lang='lat' dir='ltr'>set</span> <span class='ocrx_word' id='word_1_16' title='bbox 802 359 944 399; x_wconf 83' lang='lat' dir='ltr'>uterer</span> <span class='ocrx_word' id='word_1_17' title='bbox 966 358 1115 399; x_wconf 86' lang='lat' dir='ltr'>contra</span> <span class='ocrx_word' id='word_1_18' title='bbox 1136 371 1298 399; x_wconf 82' lang='lat' dir='ltr'>morem</span> <span class='ocrx_word' id='word_1_19' title='bbox 1317 359 1513 400; x_wconf 83' lang='lat' dir='ltr'>nostrum</span> <span class='ocrx_word' id='word_1_20' title='bbox 1540 392 1754 402; x_wconf 89' lang='grc'><strong>........</strong></span> <span class='ocrx_word' id='word_1_21' title='bbox 1770 360 1778 386; x_wconf 86' lang='lat'><strong>¹</strong></span> 
     </span>
    </p>
   </div>
   <div class='ocr_carea' id='block_1_3' title="bbox 713 526 1319 583">
    <p class='ocr_par' dir='ltr' id='par_1_3' title="bbox 713 526 1319 583">
     <span class='ocr_line' id='line_1_4' title="bbox 713 526 1319 583; baseline 0 -13"><span class='ocrx_word' id='word_1_22' title='bbox 713 527 776 570; x_wconf 87' lang='lat' dir='ltr'>X.</span> <span class='ocrx_word' id='word_1_23' title='bbox 825 526 1016 582; x_wconf 78' lang='lat' dir='ltr'>(Caesar</span> <span class='ocrx_word' id='word_1_24' title='bbox 1047 527 1319 583; x_wconf 81' lang='lat' dir='ltr'><strong>Frontoni).</strong></span> 
     </span>
    </p>
   </div>
   <div class='ocr_carea' id='block_1_4' title="bbox 255 618 1783 729">
    <p class='ocr_par' dir='ltr' id='par_1_4' title="bbox 255 618 1783 729">
     <span class='ocr_line' id='line_1_5' title="bbox 369 618 1783 674; baseline 0.002 -15"><span class='ocrx_word' id='word_1_25' title='bbox 369 651 548 659; x_wconf 89' lang='lat'><strong>......</strong></span> <span class='ocrx_word' id='word_1_26' title='bbox 549 627 582 659; x_wconf 90' lang='lat'>&#39;.</span> <span class='ocrx_word' id='word_1_27' title='bbox 624 622 724 659; x_wconf 81' lang='lat' dir='ltr'>Vale</span> <span class='ocrx_word' id='word_1_28' title='bbox 767 622 823 659; x_wconf 84' lang='lat' dir='ltr'>mz&#39;</span> <span class='ocrx_word' id='word_1_29' title='bbox 858 622 1015 660; x_wconf 81' lang='lat' dir='ltr'><em>Fronto</em></span> <span class='ocrx_word' id='word_1_30' title='bbox 1059 623 1170 661; x_wconf 75' lang='lat' dir='ltr'>caris</span> <span class='ocrx_word' id='word_1_31' title='bbox 1193 618 1225 674; x_wconf 61' lang='lat'>{²</span> <span class='ocrx_word' id='word_1_32' title='bbox 1246 619 1363 660; x_wconf 88' lang='lat' dir='ltr'>sime.</span> <span class='ocrx_word' id='word_1_33' title='bbox 1424 619 1565 661; x_wconf 85' lang='lat' dir='ltr'>Mater</span> <span class='ocrx_word' id='word_1_34' title='bbox 1608 634 1703 661; x_wconf 89' lang='lat' dir='ltr'>mea</span> <span class='ocrx_word' id='word_1_35' title='bbox 1739 621 1783 662; x_wconf 88' lang='lat' dir='ltr'>te</span> 
     </span>
     <span class='ocr_line' id='line_1_6' title="bbox 255 685 1711 729; baseline 0.001 -2"><span class='ocrx_word' id='word_1_36' title='bbox 255 686 426 728; x_wconf 83' lang='lat' dir='ltr'>salutat.</span> <span class='ocrx_word' id='word_1_37' title='bbox 488 685 740 729; x_wconf 80' lang='lat' dir='ltr'>Consulem3</span> <span class='ocrx_word' id='word_1_38' title='bbox 770 687 965 727; x_wconf 83' lang='lat' dir='ltr'>nostrum</span> <span class='ocrx_word' id='word_1_39' title='bbox 995 686 1134 728; x_wconf 82' lang='lat' dir='ltr'>saluta</span> <span class='ocrx_word' id='word_1_40' title='bbox 1165 689 1208 729; x_wconf 87' lang='lat' dir='ltr'>et</span> <span class='ocrx_word' id='word_1_41' title='bbox 1237 689 1478 729; x_wconf 86' lang='lat' dir='ltr'>matronam</span> <span class='ocrx_word' id='word_1_42' title='bbox 1508 689 1711 729; x_wconf 88' lang='lat' dir='ltr'>nostram.</span> 
     </span>
    </p>
   </div>
   <div class='ocr_carea' id='block_1_5' title="bbox 728 856 1318 900">
    <p class='ocr_par' dir='ltr' id='par_1_5' title="bbox 728 856 1318 900">
     <span class='ocr_line' id='line_1_7' title="bbox 728 856 1318 900; baseline 0 0"><span class='ocrx_word' id='word_1_43' title='bbox 728 856 820 900; x_wconf 91' lang='lat' dir='ltr'>XI.</span> <span class='ocrx_word' id='word_1_44' title='bbox 867 856 1038 900; x_wconf 80' lang='lat' dir='ltr'>Caesar</span> <span class='ocrx_word' id='word_1_45' title='bbox 1067 857 1318 900; x_wconf 80' lang='lat' dir='ltr'><strong>Frontoni.</strong></span> 
     </span>
    </p>
   </div>
   <div class='ocr_carea' id='block_1_6' title="bbox 219 947 1786 1345">
    <p class='ocr_par' dir='ltr' id='par_1_6' title="bbox 219 947 1786 1345">
     <span class='ocr_line' id='line_1_8' title="bbox 367 947 1784 1003; baseline 0.001 -14"><span class='ocrx_word' id='word_1_46' title='bbox 367 947 624 989; x_wconf 87' lang='lat' dir='ltr'>Volentibus</span> <span class='ocrx_word' id='word_1_47' title='bbox 655 948 719 989; x_wconf 82' lang='lat' dir='ltr'>dis</span> <span class='ocrx_word' id='word_1_48' title='bbox 751 962 870 1003; x_wconf 86' lang='lat' dir='ltr'>spem</span> <span class='ocrx_word' id='word_1_49' title='bbox 900 948 1050 989; x_wconf 85' lang='lat' dir='ltr'>salutis</span> <span class='ocrx_word' id='word_1_50' title='bbox 1080 948 1274 990; x_wconf 86' lang='lat' dir='ltr'>nancisci</span> <span class='ocrx_word' id='word_1_51' title='bbox 1297 948 1507 990; x_wconf 82' lang='lat' dir='ltr'>videmur:</span> <span class='ocrx_word' id='word_1_52' title='bbox 1540 949 1623 990; x_wconf 87' lang='lat' dir='ltr'>alvi</span> <span class='ocrx_word' id='word_1_53' title='bbox 1645 948 1784 990; x_wconf 86' lang='lat' dir='ltr'>fluxus</span> 
     </span>
     <span class='ocr_line' id='line_1_9' title="bbox 257 1016 1786 1071; baseline -0.001 -13"><span class='ocrx_word' id='word_1_54' title='bbox 257 1016 470 1069; x_wconf 82' lang='lat' dir='ltr'>constitit,</span> <span class='ocrx_word' id='word_1_55' title='bbox 517 1016 751 1057; x_wconf 81' lang='lat' dir='ltr'>febriculae</span> <span class='ocrx_word' id='word_1_56' title='bbox 797 1016 1020 1070; x_wconf 79' lang='lat' dir='ltr'>depulsae:</span> <span class='ocrx_word' id='word_1_57' title='bbox 1061 1016 1219 1058; x_wconf 78' lang='lat' dir='ltr'>mac-ies</span> <span class='ocrx_word' id='word_1_58' title='bbox 1265 1018 1410 1058; x_wconf 84' lang='lat' dir='ltr'>tamen</span> <span class='ocrx_word' id='word_1_59' title='bbox 1452 1017 1696 1071; x_wconf 73' lang='lat' dir='ltr'>pertenuis‘1</span> <span class='ocrx_word' id='word_1_60' title='bbox 1743 1018 1786 1058; x_wconf 82' lang='lat' dir='ltr'>et</span> 
     </span>
     <span class='ocr_line' id='line_1_10' title="bbox 253 1083 1784 1140; baseline 0 -15"><span class='ocrx_word' id='word_1_61' title='bbox 253 1084 462 1125; x_wconf 84' lang='lat' dir='ltr'>tusiculae</span> <span class='ocrx_word' id='word_1_62' title='bbox 492 1083 692 1125; x_wconf 90' lang='lat' dir='ltr'>nonnihil</span> <span class='ocrx_word' id='word_1_63' title='bbox 729 1085 877 1125; x_wconf 85' lang='lat' dir='ltr'>restat.</span> <span class='ocrx_word' id='word_1_64' title='bbox 939 1083 1138 1126; x_wconf 85' lang='lat' dir='ltr'>Profecto</span> <span class='ocrx_word' id='word_1_65' title='bbox 1168 1084 1387 1140; x_wconf 72' lang='lat' dir='ltr'>intellegis</span> <span class='ocrx_word' id='word_1_66' title='bbox 1426 1084 1476 1126; x_wconf 88' lang='lat' dir='ltr'>de</span> <span class='ocrx_word' id='word_1_67' title='bbox 1506 1083 1681 1138; x_wconf 72' lang='lat' dir='ltr'>parvola</span> <span class='ocrx_word' id='word_1_68' title='bbox 1711 1098 1784 1125; x_wconf 90' lang='lat' dir='ltr'>no-</span> 
     </span>
     <span class='ocr_line' id='line_1_11' title="bbox 219 1150 1782 1207; baseline -0.001 -14"><span class='ocrx_word' id='word_1_69' title='bbox 219 1160 223 1163; x_wconf 71' lang='grc'><em>’</em></span> <span class='ocrx_word' id='word_1_70' title='bbox 255 1154 345 1193; x_wconf 85' lang='lat' dir='ltr'>stra</span> <span class='ocrx_word' id='word_1_71' title='bbox 374 1151 609 1193; x_wconf 83' lang='lat' dir='ltr'>Faustina5</span> <span class='ocrx_word' id='word_1_72' title='bbox 640 1151 745 1193; x_wconf 84' lang='lat' dir='ltr'>haec</span> <span class='ocrx_word' id='word_1_73' title='bbox 783 1166 850 1193; x_wconf 89' lang='lat' dir='ltr'>me</span> <span class='ocrx_word' id='word_1_74' title='bbox 888 1152 969 1195; x_wconf 85' lang='lat' dir='ltr'>tibi</span> <span class='ocrx_word' id='word_1_75' title='bbox 1001 1152 1199 1206; x_wconf 84' lang='lat' dir='ltr'>scribere,</span> <span class='ocrx_word' id='word_1_76' title='bbox 1231 1166 1309 1207; x_wconf 84' lang='lat' dir='ltr'>pro</span> <span class='ocrx_word' id='word_1_77' title='bbox 1339 1167 1423 1206; x_wconf 89' lang='lat' dir='ltr'>qua</span> <span class='ocrx_word' id='word_1_78' title='bbox 1461 1152 1565 1193; x_wconf 85' lang='lat' dir='ltr'>satis</span> <span class='ocrx_word' id='word_1_79' title='bbox 1604 1150 1782 1207; x_wconf 75' lang='lat' dir='ltr'>egimus.</span> 
     </span>
     <span class='ocr_line' id='line_1_12' title="bbox 256 1219 1782 1275; baseline 0.001 -15"><span class='ocrx_word' id='word_1_80' title='bbox 256 1219 352 1261; x_wconf 88' lang='lat' dir='ltr'>Tibi</span> <span class='ocrx_word' id='word_1_81' title='bbox 382 1219 581 1262; x_wconf 86' lang='lat' dir='ltr'>valetudo</span> <span class='ocrx_word' id='word_1_82' title='bbox 612 1235 668 1262; x_wconf 89' lang='lat' dir='ltr'>an</span> <span class='ocrx_word' id='word_1_83' title='bbox 688 1235 765 1275; x_wconf 83' lang='lat' dir='ltr'>pro</span> <span class='ocrx_word' id='word_1_84' title='bbox 788 1234 881 1261; x_wconf 89' lang='lat' dir='ltr'>meo</span> <span class='ocrx_word' id='word_1_85' title='bbox 912 1222 1011 1262; x_wconf 90' lang='lat' dir='ltr'>voto</span> <span class='ocrx_word' id='word_1_86' title='bbox 1042 1235 1086 1262; x_wconf 86' lang='lat' dir='ltr'>se</span> <span class='ocrx_word' id='word_1_87' title='bbox 1118 1220 1424 1275; x_wconf 85' lang='lat' dir='ltr'>adcommodet,</span> <span class='ocrx_word' id='word_1_88' title='bbox 1456 1220 1527 1262; x_wconf 89' lang='lat' dir='ltr'>fac</span> <span class='ocrx_word' id='word_1_89' title='bbox 1557 1220 1704 1275; x_wconf 83' lang='lat' dir='ltr'>sciam,</span> <span class='ocrx_word' id='word_1_90' title='bbox 1726 1220 1782 1262; x_wconf 85' lang='lat' dir='ltr'>mi</span> 
     </span>
     <span class='ocr_line' id='line_1_13' title="bbox 255 1288 1688 1345; baseline 0.001 -16"><span class='ocrx_word' id='word_1_91' title='bbox 255 1288 473 1345; x_wconf 84' lang='lat' dir='ltr'>magister.</span> <span class='ocrx_word' id='word_1_92' title='bbox 1678 1289 1688 1292; x_wconf 76' lang='grc'><strong>”</strong></span> 
     </span>
    </p>
   </div>
   <div class='ocr_carea' id='block_1_7' title="bbox 726 1423 1309 1467">
    <p class='ocr_par' dir='ltr' id='par_1_7' title="bbox 726 1423 1309 1467">
     <span class='ocr_line' id='line_1_14' title="bbox 726 1423 1309 1467; baseline -0.002 0"><span class='ocrx_word' id='word_1_93' title='bbox 726 1424 845 1467; x_wconf 92' lang='lat' dir='ltr'><strong>XII.</strong></span> <span class='ocrx_word' id='word_1_94' title='bbox 889 1424 1070 1467; x_wconf 85' lang='lat' dir='ltr'>Fronto</span> <span class='ocrx_word' id='word_1_95' title='bbox 1103 1423 1309 1467; x_wconf 79' lang='lat' dir='ltr'>Caesari.</span> 
     </span>
    </p>
   </div>
   <div class='ocr_carea' id='block_1_8' title="bbox 254 1515 1786 2182">
    <p class='ocr_par' dir='ltr' id='par_1_8' title="bbox 254 1515 1786 2182">
     <span class='ocr_line' id='line_1_15' title="bbox 368 1515 1785 1571; baseline 0.001 -15"><span class='ocrx_word' id='word_1_96' title='bbox 368 1515 429 1557; x_wconf 91' lang='lat' dir='ltr'>Ut</span> <span class='ocrx_word' id='word_1_97' title='bbox 459 1530 552 1571; x_wconf 84' lang='lat' dir='ltr'>ego,</span> <span class='ocrx_word' id='word_1_98' title='bbox 586 1515 628 1556; x_wconf 81' lang='lat' dir='ltr'>di</span> <span class='ocrx_word' id='word_1_99' title='bbox 658 1515 773 1569; x_wconf 86' lang='lat' dir='ltr'>boni,</span> <span class='ocrx_word' id='word_1_100' title='bbox 808 1517 1106 1557; x_wconf 80' lang='lat' dir='ltr'>consternatus</span> <span class='ocrx_word' id='word_1_101' title='bbox 1146 1530 1240 1556; x_wconf 88' lang='lat' dir='ltr'>sum</span> <span class='ocrx_word' id='word_1_102' title='bbox 1276 1515 1387 1556; x_wconf 89' lang='lat' dir='ltr'>lecto</span> <span class='ocrx_word' id='word_1_103' title='bbox 1422 1515 1546 1556; x_wconf 88' lang='lat' dir='ltr'>initio</span> <span class='ocrx_word' id='word_1_104' title='bbox 1577 1515 1785 1570; x_wconf 71' lang='lat' dir='ltr'>epistulae</span> 
     </span>
     <span class='ocr_line' id='line_1_16' title="bbox 255 1582 1785 1638; baseline 0 -14"><span class='ocrx_word' id='word_1_105' title='bbox 255 1584 376 1624; x_wconf 85' lang='lat' dir='ltr'>tuae!</span> <span class='ocrx_word' id='word_1_106' title='bbox 416 1583 555 1638; x_wconf 76' lang='lat' dir='ltr'>quod⁶</span> <span class='ocrx_word' id='word_1_107' title='bbox 590 1583 654 1624; x_wconf 87' lang='lat' dir='ltr'>ita</span> <span class='ocrx_word' id='word_1_108' title='bbox 693 1583 901 1638; x_wconf 87' lang='lat' dir='ltr'>s&#39;criptum</span> <span class='ocrx_word' id='word_1_109' title='bbox 937 1583 1034 1638; x_wconf 88' lang='lat' dir='ltr'>fuit,</span> <span class='ocrx_word' id='word_1_110' title='bbox 1074 1585 1123 1625; x_wconf 90' lang='lat' dir='ltr'>ut</span> <span class='ocrx_word' id='word_1_111' title='bbox 1158 1585 1281 1624; x_wconf 89' lang='lat' dir='ltr'>tuum</span> <span class='ocrx_word' id='word_1_112' title='bbox 1320 1582 1490 1637; x_wconf 84' lang='lat' dir='ltr'>aliquod</span> <span class='ocrx_word' id='word_1_113' title='bbox 1529 1583 1785 1625; x_wconf 84' lang='lat' dir='ltr'>valetudinis</span> 
     </span>
     <span class='ocr_line' id='line_1_17' title="bbox 255 1650 1785 1707; baseline -0.001 -15"><span class='ocrx_word' id='word_1_114' title='bbox 255 1651 491 1706; x_wconf 86' lang='lat' dir='ltr'>periculum</span> <span class='ocrx_word' id='word_1_115' title='bbox 521 1651 758 1706; x_wconf 85' lang='lat' dir='ltr'>significari</span> <span class='ocrx_word' id='word_1_116' title='bbox 789 1651 1039 1707; x_wconf 83' lang='lat' dir='ltr'>suspicarer.</span> <span class='ocrx_word' id='word_1_117' title='bbox 1101 1651 1333 1705; x_wconf 85' lang='lat' dir='ltr'>Postquam</span> <span class='ocrx_word' id='word_1_118' title='bbox 1370 1650 1521 1692; x_wconf 85' lang='lat' dir='ltr'>deinde</span> <span class='ocrx_word' id='word_1_119' title='bbox 1550 1650 1656 1698; x_wconf 59' lang='lat' dir='ltr'>illut,</span> <span class='ocrx_word' id='word_1_120' title='bbox 1677 1651 1785 1706; x_wconf 86' lang='lat' dir='ltr'>peri-</span> 
     </span>
     <span class='ocr_line' id='line_1_18' title="bbox 257 1719 1786 1774; baseline -0.001 -14"><span class='ocrx_word' id='word_1_121' title='bbox 257 1720 411 1774; x_wconf 88' lang='lat' dir='ltr'>culum,</span> <span class='ocrx_word' id='word_1_122' title='bbox 452 1719 563 1774; x_wconf 86' lang='lat' dir='ltr'>quod</span> <span class='ocrx_word' id='word_1_123' title='bbox 593 1720 713 1774; x_wconf 85' lang='lat' dir='ltr'>quasi</span> <span class='ocrx_word' id='word_1_124' title='bbox 743 1722 866 1761; x_wconf 89' lang='lat' dir='ltr'>tuum</span> <span class='ocrx_word' id='word_1_125' title='bbox 895 1719 1107 1774; x_wconf 83' lang='lat' dir='ltr'>principio</span> <span class='ocrx_word' id='word_1_126' title='bbox 1143 1719 1384 1760; x_wconf 82' lang='lat' dir='ltr'>litterarum</span> <span class='ocrx_word' id='word_1_127' title='bbox 1413 1720 1584 1760; x_wconf 86' lang='lat' dir='ltr'>tuarum</span> <span class='ocrx_word' id='word_1_128' title='bbox 1615 1733 1786 1774; x_wconf 88' lang='lat' dir='ltr'>accepe-</span> 
     </span>
     <span class='ocr_line' id='line_1_19' title="bbox 254 1786 1786 1842; baseline -0.001 -14"><span class='ocrx_word' id='word_1_129' title='bbox 254 1802 360 1841; x_wconf 79' lang='lat' dir='ltr'>ram,</span> <span class='ocrx_word' id='word_1_130' title='bbox 401 1788 514 1829; x_wconf 86' lang='lat' dir='ltr'>filiae</span> <span class='ocrx_word' id='word_1_131' title='bbox 544 1789 644 1829; x_wconf 83' lang='lat' dir='ltr'>tuae</span> <span class='ocrx_word' id='word_1_132' title='bbox 675 1786 905 1829; x_wconf 79' lang='lat' dir='ltr'>Faustinae</span> <span class='ocrx_word' id='word_1_133' title='bbox 942 1788 1075 1829; x_wconf 85' lang='lat' dir='ltr'>fuisse</span> <span class='ocrx_word' id='word_1_134' title='bbox 1116 1787 1391 1842; x_wconf 84' lang='lat' dir='ltr'>appernisti7,</span> <span class='ocrx_word' id='word_1_135' title='bbox 1434 1788 1644 1841; x_wconf 83' lang='lat' dir='ltr'>quantum</span> <span class='ocrx_word' id='word_1_136' title='bbox 1680 1786 1786 1828; x_wconf 89' lang='lat' dir='ltr'>mihi</span> 
     </span>
     <span class='ocr_line' id='line_1_20' title="bbox 255 1854 1786 1910; baseline -0.001 -14"><span class='ocrx_word' id='word_1_137' title='bbox 255 1857 522 1910; x_wconf 82' lang='lat' dir='ltr'>permutatus</span> <span class='ocrx_word' id='word_1_138' title='bbox 561 1858 624 1897; x_wconf 87' lang='lat' dir='ltr'>est</span> <span class='ocrx_word' id='word_1_139' title='bbox 660 1857 812 1910; x_wconf 82' lang='lat' dir='ltr'>pavor!</span> <span class='ocrx_word' id='word_1_140' title='bbox 852 1871 932 1897; x_wconf 89' lang='lat' dir='ltr'>nec</span> <span class='ocrx_word' id='word_1_141' title='bbox 969 1857 1237 1910; x_wconf 82' lang='lat' dir='ltr'>permutatus</span> <span class='ocrx_word' id='word_1_142' title='bbox 1281 1855 1418 1909; x_wconf 90' lang='lat' dir='ltr'>modo,</span> <span class='ocrx_word' id='word_1_143' title='bbox 1465 1869 1611 1896; x_wconf 85' lang='lat' dir='ltr'>verum</span> <span class='ocrx_word' id='word_1_144' title='bbox 1656 1854 1786 1896; x_wconf 84' lang='lat' dir='ltr'>etiam</span> 
     </span>
     <span class='ocr_line' id='line_1_21' title="bbox 255 1922 1785 1981; baseline -0.001 -17"><span class='ocrx_word' id='word_1_145' title='bbox 255 1923 512 1981; x_wconf 21' lang='lat' dir='ltr'>nescio-„quo</span> <span class='ocrx_word' id='word_1_146' title='bbox 542 1925 668 1978; x_wconf 83' lang='lat' dir='ltr'>pacto</span> <span class='ocrx_word' id='word_1_147' title='bbox 698 1924 897 1965; x_wconf 90' lang='lat' dir='ltr'>nonnihil</span> <span class='ocrx_word' id='word_1_148' title='bbox 928 1924 1185 1966; x_wconf 88' lang='lat' dir='ltr'>sublevatus.</span> <span class='ocrx_word' id='word_1_149' title='bbox 1261 1922 1391 1964; x_wconf 81' lang='lat' dir='ltr'>Dicas</span> <span class='ocrx_word' id='word_1_150' title='bbox 1428 1922 1550 1964; x_wconf 87' lang='lat' dir='ltr'>licet:</span> <span class='ocrx_word' id='word_1_151' title='bbox 1594 1922 1785 1965; x_wconf 81' lang='lat' dir='ltr'>leviusne</span> 
     </span>
     <span class='ocr_line' id='line_1_22' title="bbox 255 1989 1786 2046; baseline -0.001 -14"><span class='ocrx_word' id='word_1_152' title='bbox 255 1992 334 2032; x_wconf 83' lang='lat' dir='ltr'>tibi</span> <span class='ocrx_word' id='word_1_153' title='bbox 365 1991 502 2032; x_wconf 88' lang='lat' dir='ltr'>visum</span> <span class='ocrx_word' id='word_1_154' title='bbox 533 1993 598 2032; x_wconf 87' lang='lat' dir='ltr'>est</span> <span class='ocrx_word' id='word_1_155' title='bbox 627 1991 739 2033; x_wconf 86' lang='lat' dir='ltr'>filiae</span> <span class='ocrx_word' id='word_1_156' title='bbox 770 2006 888 2033; x_wconf 88' lang='lat' dir='ltr'>meae</span> <span class='ocrx_word' id='word_1_157' title='bbox 919 1991 1156 2046; x_wconf 85' lang='lat' dir='ltr'>periculum</span> <span class='ocrx_word' id='word_1_158' title='bbox 1187 2005 1314 2045; x_wconf 91' lang='lat' dir='ltr'>quam</span> <span class='ocrx_word' id='word_1_159' title='bbox 1344 1990 1516 2032; x_wconf 81' lang='lat' dir='ltr'>meum?</span> <span class='ocrx_word' id='word_1_160' title='bbox 1553 1989 1690 2031; x_wconf 88' lang='lat' dir='ltr'>tibine</span> <span class='ocrx_word' id='word_1_161' title='bbox 1724 1990 1786 2031; x_wconf 87' lang='lat' dir='ltr'>ita</span> 
     </span>
     <span class='ocr_line' id='line_1_23' title="bbox 256 2057 1785 2114; baseline -0.001 -14"><span class='ocrx_word' id='word_1_162' title='bbox 256 2059 393 2100; x_wconf 86' lang='lat' dir='ltr'>visum</span> <span class='ocrx_word' id='word_1_163' title='bbox 423 2059 495 2114; x_wconf 83' lang='lat' dir='ltr'>qui</span> <span class='ocrx_word' id='word_1_164' title='bbox 526 2060 727 2114; x_wconf 81' lang='lat' dir='ltr'>praefers</span> <span class='ocrx_word' id='word_1_165' title='bbox 748 2059 999 2101; x_wconf 72' lang='lat' dir='ltr'>Faustinam</span> <span class='ocrx_word' id='word_1_166' title='bbox 1029 2059 1096 2100; x_wconf 72' lang='lat' dir='ltr'>idS</span> <span class='ocrx_word' id='word_1_167' title='bbox 1127 2058 1206 2099; x_wconf 83' lang='lat' dir='ltr'>tibi</span> <span class='ocrx_word' id='word_1_168' title='bbox 1238 2073 1342 2112; x_wconf 90' lang='lat' dir='ltr'>esse,</span> <span class='ocrx_word' id='word_1_169' title='bbox 1376 2058 1487 2112; x_wconf 85' lang='lat' dir='ltr'>quod</span> <span class='ocrx_word' id='word_1_170' title='bbox 1507 2057 1645 2099; x_wconf 81' lang='lat' dir='ltr'>lucem</span> <span class='ocrx_word' id='word_1_171' title='bbox 1676 2072 1785 2099; x_wconf 86' lang='lat' dir='ltr'>sere-</span> 
     </span>
     <span class='ocr_line' id='line_1_24' title="bbox 256 2125 1786 2182; baseline -0.002 -13"><span class='ocrx_word' id='word_1_172' title='bbox 256 2142 370 2181; x_wconf 90' lang='lat' dir='ltr'>nam,</span> <span class='ocrx_word' id='word_1_173' title='bbox 403 2127 514 2181; x_wconf 83' lang='lat' dir='ltr'>quod</span> <span class='ocrx_word' id='word_1_174' title='bbox 545 2127 656 2168; x_wconf 87' lang='lat' dir='ltr'>diem</span> <span class='ocrx_word' id='word_1_175' title='bbox 686 2127 857 2182; x_wconf 86' lang='lat' dir='ltr'>festum,</span> <span class='ocrx_word' id='word_1_176' title='bbox 891 2127 1000 2182; x_wconf 85' lang='lat' dir='ltr'>quod</span> <span class='ocrx_word' id='word_1_177' title='bbox 1027 2139 1146 2182; x_wconf 86' lang='lat' dir='ltr'>spem</span> <span class='ocrx_word' id='word_1_178' title='bbox 1166 2126 1465 2181; x_wconf 68' lang='lat' dir='ltr'>propinquam,</span> <span class='ocrx_word' id='word_1_179' title='bbox 1498 2125 1610 2180; x_wconf 86' lang='lat' dir='ltr'>quod</span> <span class='ocrx_word' id='word_1_180' title='bbox 1639 2126 1786 2167; x_wconf 86' lang='lat' dir='ltr'>votum</span> 
     </span>
    </p>
   </div>
   <div class='ocr_carea' id='block_1_9' title="bbox 256 2256 525 2261">
    <p class='ocr_par' dir='ltr' id='par_1_9' title="bbox 256 2256 525 2261">
     <span class='ocr_line' id='line_1_25' title="bbox 256 2256 525 2261; baseline 0 0"><span class='ocrx_word' id='word_1_181' title='bbox 256 2256 525 2261; x_wconf 95' lang='lat' dir='ltr'> </span> 
     </span>
    </p>
   </div>
   <div class='ocr_carea' id='block_1_10' title="bbox 254 2318 1792 2932">
    <p class='ocr_par' dir='ltr' id='par_1_10' title="bbox 371 2318 1016 2365">
     <span class='ocr_line' id='line_1_26' title="bbox 371 2318 1016 2365; baseline -0.003 -10"><span class='ocrx_word' id='word_1_182' title='bbox 371 2325 388 2355; x_wconf 88' lang='lat'>1</span> <span class='ocrx_word' id='word_1_183' title='bbox 414 2321 456 2355; x_wconf 90' lang='lat' dir='ltr'>In</span> <span class='ocrx_word' id='word_1_184' title='bbox 481 2321 647 2355; x_wconf 84' lang='lat' dir='ltr'>extrema</span> <span class='ocrx_word' id='word_1_185' title='bbox 669 2319 809 2365; x_wconf 80' lang='lat' dir='ltr'>pagina</span> <span class='ocrx_word' id='word_1_186' title='bbox 834 2318 874 2360; x_wconf 79' lang='lat' dir='ltr'>Q.</span> <span class='ocrx_word' id='word_1_187' title='bbox 901 2318 1016 2354; x_wconf 84' lang='lat' dir='ltr'>VIIII.</span> 
     </span>
    </p>

    <p class='ocr_par' dir='ltr' id='par_1_11' title="bbox 369 2373 1628 2422">
     <span class='ocr_line' id='line_1_27' title="bbox 369 2373 1628 2422; baseline -0.002 -10"><span class='ocrx_word' id='word_1_188' title='bbox 369 2383 389 2412; x_wconf 81' lang='lat'><strong>2</strong></span> <span class='ocrx_word' id='word_1_189' title='bbox 413 2376 681 2412; x_wconf 83' lang='lat' dir='ltr'>Desiderantur</span> <span class='ocrx_word' id='word_1_190' title='bbox 704 2375 865 2422; x_wconf 83' lang='lat' dir='ltr'>paginae</span> <span class='ocrx_word' id='word_1_191' title='bbox 892 2376 1061 2420; x_wconf 85' lang='lat' dir='ltr'>quatuor.</span> <span class='ocrx_word' id='word_1_192' title='bbox 1111 2374 1246 2420; x_wconf 82' lang='lat' dir='ltr'>Incipit</span> <span class='ocrx_word' id='word_1_193' title='bbox 1271 2373 1358 2409; x_wconf 84' lang='lat' dir='ltr'>Cod.</span> <span class='ocrx_word' id='word_1_194' title='bbox 1385 2374 1469 2409; x_wconf 82' lang='lat' dir='ltr'>Vat.</span> <span class='ocrx_word' id='word_1_195' title='bbox 1496 2387 1531 2420; x_wconf 92' lang='lat' dir='ltr'>p.</span> <span class='ocrx_word' id='word_1_196' title='bbox 1555 2378 1628 2409; x_wconf 80' lang='lat'>142.</span> 
     </span>
    </p>

    <p class='ocr_par' dir='ltr' id='par_1_12' title="bbox 254 2430 1792 2526">
     <span class='ocr_line' id='line_1_28' title="bbox 369 2430 1792 2477; baseline -0.002 -8"><span class='ocrx_word' id='word_1_197' title='bbox 369 2439 389 2469; x_wconf 85' lang='lat'><strong>3</strong></span> <span class='ocrx_word' id='word_1_198' title='bbox 414 2433 583 2477; x_wconf 81' lang='lat' dir='ltr'>Intellige</span> <span class='ocrx_word' id='word_1_199' title='bbox 610 2444 719 2476; x_wconf 89' lang='lat' dir='ltr'>quem</span> <span class='ocrx_word' id='word_1_200' title='bbox 743 2432 797 2467; x_wconf 82' lang='lat' dir='ltr'>vis</span> <span class='ocrx_word' id='word_1_201' title='bbox 823 2443 866 2467; x_wconf 84' lang='lat' dir='ltr'>ex</span> <span class='ocrx_word' id='word_1_202' title='bbox 891 2431 1018 2467; x_wconf 83' lang='lat' dir='ltr'>amicis</span> <span class='ocrx_word' id='word_1_203' title='bbox 1050 2433 1114 2466; x_wconf 80' lang='lat' dir='ltr'>aut</span> <span class='ocrx_word' id='word_1_204' title='bbox 1145 2430 1359 2466; x_wconf 81' lang='lat' dir='ltr'>necessariis</span> <span class='ocrx_word' id='word_1_205' title='bbox 1383 2430 1597 2474; x_wconf 83' lang='lat' dir='ltr'>Frontonis,</span> <span class='ocrx_word' id='word_1_206' title='bbox 1628 2431 1792 2466; x_wconf 75' lang='lat' dir='ltr'>fortasse</span> 
     </span>
     <span class='ocr_line' id='line_1_29' title="bbox 254 2492 596 2526; baseline -0.003 -1"><span class='ocrx_word' id='word_1_207' title='bbox 254 2492 419 2526; x_wconf 83' lang='lat' dir='ltr'>fratrem.</span> <span class='ocrx_word' id='word_1_208' title='bbox 470 2493 596 2525; x_wconf 75' lang='lat' dir='ltr'>Maius.</span> 
     </span>
    </p>

    <p class='ocr_par' dir='ltr' id='par_1_13' title="bbox 370 2547 883 2592">
     <span class='ocr_line' id='line_1_30' title="bbox 370 2547 883 2592; baseline -0.004 -10"><span class='ocrx_word' id='word_1_209' title='bbox 370 2552 391 2582; x_wconf 88' lang='lat'>4</span> <span class='ocrx_word' id='word_1_210' title='bbox 417 2547 504 2582; x_wconf 80' lang='lat' dir='ltr'>Cod.</span> <span class='ocrx_word' id='word_1_211' title='bbox 530 2559 586 2592; x_wconf 79' lang='lat' dir='ltr'>pr.</span> <span class='ocrx_word' id='word_1_212' title='bbox 613 2558 660 2580; x_wconf 90' lang='lat' dir='ltr'>m.</span> <span class='ocrx_word' id='word_1_213' title='bbox 687 2549 883 2591; x_wconf 75' lang='lat' dir='ltr'>peritenuis.</span> 
     </span>
    </p>

    <p class='ocr_par' dir='ltr' id='par_1_14' title="bbox 256 2601 1783 2762">
     <span class='ocr_line' id='line_1_31' title="bbox 369 2601 1782 2647; baseline -0.002 -8"><span class='ocrx_word' id='word_1_214' title='bbox 369 2608 389 2639; x_wconf 87' lang='lat'>5</span> <span class='ocrx_word' id='word_1_215' title='bbox 413 2603 578 2638; x_wconf 84' lang='lat' dir='ltr'>Domitia</span> <span class='ocrx_word' id='word_1_216' title='bbox 601 2601 789 2646; x_wconf 84' lang='lat' dir='ltr'>Faustina,</span> <span class='ocrx_word' id='word_1_217' title='bbox 815 2614 909 2647; x_wconf 85' lang='lat' dir='ltr'>quae</span> <span class='ocrx_word' id='word_1_218' title='bbox 933 2603 1063 2638; x_wconf 82' lang='lat' dir='ltr'>tenera</span> <span class='ocrx_word' id='word_1_219' title='bbox 1088 2603 1211 2638; x_wconf 88' lang='lat' dir='ltr'>aetate</span> <span class='ocrx_word' id='word_1_220' title='bbox 1238 2602 1372 2638; x_wconf 87' lang='lat' dir='ltr'>obiisse</span> <span class='ocrx_word' id='word_1_221' title='bbox 1389 2602 1545 2638; x_wconf 86' lang='lat' dir='ltr'>videtur.</span> <span class='ocrx_word' id='word_1_222' title='bbox 1588 2602 1782 2647; x_wconf 82' lang='lat' dir='ltr'>Inscriptio</span> 
     </span>
     <span class='ocr_line' id='line_1_32' title="bbox 256 2654 1783 2704; baseline -0.001 -10"><span class='ocrx_word' id='word_1_223' title='bbox 256 2661 404 2696; x_wconf 80' lang='lat' dir='ltr'>inventa</span> <span class='ocrx_word' id='word_1_224' title='bbox 429 2662 484 2696; x_wconf 81' lang='lat' dir='ltr'>est</span> <span class='ocrx_word' id='word_1_225' title='bbox 507 2660 545 2695; x_wconf 91' lang='lat' dir='ltr'>in</span> <span class='ocrx_word' id='word_1_226' title='bbox 569 2654 789 2695; x_wconf 71' lang='lat' dir='ltr'>Hadrianio:</span> <span class='ocrx_word' id='word_1_227' title='bbox 817 2663 964 2695; x_wconf 77' lang='lat' dir='ltr'>Domitia</span> <span class='ocrx_word' id='word_1_228' title='bbox 987 2663 1163 2702; x_wconf 73' lang='lat' dir='ltr'>Faustina,</span> <span class='ocrx_word' id='word_1_229' title='bbox 1189 2663 1240 2695; x_wconf 91' lang='lat' dir='ltr'>M.</span> <span class='ocrx_word' id='word_1_230' title='bbox 1260 2662 1395 2695; x_wconf 74' lang='lat' dir='ltr'>Aurelii</span> <span class='ocrx_word' id='word_1_231' title='bbox 1412 2662 1572 2694; x_wconf 76' lang='lat' dir='ltr'>Caesaris</span> <span class='ocrx_word' id='word_1_232' title='bbox 1593 2662 1676 2702; x_wconf 81' lang='lat' dir='ltr'>filia,</span> <span class='ocrx_word' id='word_1_233' title='bbox 1702 2662 1783 2704; x_wconf 85' lang='lat' dir='ltr'>imp.</span> 
     </span>
     <span class='ocr_line' id='line_1_33' title="bbox 259 2719 838 2762; baseline 0.002 -11"><span class='ocrx_word' id='word_1_234' title='bbox 259 2721 422 2753; x_wconf 79' lang='lat' dir='ltr'>Antonini</span> <span class='ocrx_word' id='word_1_235' title='bbox 447 2720 592 2762; x_wconf 60' lang='lat' dir='ltr'>Augusti</span> <span class='ocrx_word' id='word_1_236' title='bbox 615 2719 687 2752; x_wconf 84' lang='lat' dir='ltr'>PP.</span> <span class='ocrx_word' id='word_1_237' title='bbox 715 2720 838 2761; x_wconf 78' lang='lat' dir='ltr'>neptis,</span> 
     </span>
    </p>

    <p class='ocr_par' dir='ltr' id='par_1_15' title="bbox 370 2773 777 2818">
     <span class='ocr_line' id='line_1_34' title="bbox 370 2773 777 2818; baseline -0.002 -10"><span class='ocrx_word' id='word_1_238' title='bbox 370 2777 390 2807; x_wconf 83' lang='grc'>6</span> <span class='ocrx_word' id='word_1_239' title='bbox 416 2773 503 2808; x_wconf 79' lang='lat' dir='ltr'>Cod.</span> <span class='ocrx_word' id='word_1_240' title='bbox 530 2786 584 2818; x_wconf 84' lang='lat' dir='ltr'>pr.</span> <span class='ocrx_word' id='word_1_241' title='bbox 611 2785 659 2807; x_wconf 88' lang='lat' dir='ltr'>m.</span> <span class='ocrx_word' id='word_1_242' title='bbox 687 2780 777 2818; x_wconf 79' lang='lat' dir='ltr'>quot.</span> 
     </span>
    </p>

    <p class='ocr_par' dir='ltr' id='par_1_16' title="bbox 371 2829 996 2875">
     <span class='ocr_line' id='line_1_35' title="bbox 371 2829 996 2875; baseline 0.003 -12"><span class='ocrx_word' id='word_1_243' title='bbox 371 2834 388 2864; x_wconf 84' lang='grc'>7</span> <span class='ocrx_word' id='word_1_244' title='bbox 414 2829 581 2864; x_wconf 70' lang='lat' dir='ltr'>Alterum</span> <span class='ocrx_word' id='word_1_245' title='bbox 603 2844 629 2875; x_wconf 82' lang='lat' dir='ltr'>p</span> <span class='ocrx_word' id='word_1_246' title='bbox 655 2830 817 2865; x_wconf 80' lang='lat' dir='ltr'>deletum</span> <span class='ocrx_word' id='word_1_247' title='bbox 842 2829 996 2866; x_wconf 75' lang='lat' dir='ltr'>videtur.</span> 
     </span>
    </p>

    <p class='ocr_par' dir='ltr' id='par_1_17' title="bbox 369 2885 730 2932">
     <span class='ocr_line' id='line_1_36' title="bbox 369 2885 730 2932; baseline 0 -11"><span class='ocrx_word' id='word_1_248' title='bbox 369 2889 389 2921; x_wconf 88' lang='grc'>8</span> <span class='ocrx_word' id='word_1_249' title='bbox 416 2885 501 2921; x_wconf 84' lang='lat' dir='ltr'>Cod.</span> <span class='ocrx_word' id='word_1_250' title='bbox 528 2898 583 2932; x_wconf 87' lang='lat' dir='ltr'>pr.</span> <span class='ocrx_word' id='word_1_251' title='bbox 612 2898 658 2921; x_wconf 89' lang='lat' dir='ltr'>m.</span> <span class='ocrx_word' id='word_1_252' title='bbox 685 2894 730 2921; x_wconf 81' lang='lat' dir='ltr'>at.</span> 
     </span>
    </p>
   </div>
  </div>
 </body>
</html>
