1968 3158
352 160 418 197 AD
443 159 616 197 VERUM
641 159 803 196 IMPER.
830 159 1084 196 AURELIUM
1110 158 1368 196 CAESAREM
1393 160 1539 195 LIBER
1564 161 1608 196 11.
1675 162 1755 203 135

208 274 358 332 quam¹
384 290 465 332 ego
496 275 623 318 huius
654 275 820 331 negotii
842 274 997 317 causa²
1028 289 1125 318 eum
1145 276 1267 317 trans
1288 290 1406 318 mare
1437 275 1650 331 proficisci
1680 291 1754 331 pa-

206 346 335 387 terer.
397 344 526 387 Nunc
557 346 600 387 et
630 346 804 386 nostrae
834 358 902 386 res
933 343 1047 386 haud
1080 345 1276 399 copiosae
1299 346 1343 386 et
1363 343 1491 386 huius
1521 346 1754 400 paupertas

208 413 367 455 artiora
388 428 456 456 me
479 412 792 468 compulerunt,
826 414 875 454 ut
895 427 992 454 eum
1022 412 1207 455 invitum
1236 412 1493 468 expellerem
1514 412 1560 454 in
1583 412 1754 455 Suriam

156 530 161 539 ,
208 481 261 524 ad
292 481 459 539 legata,
493 496 601 537 quae
633 480 672 524 ei
702 481 749 523 in
781 482 1042 523 testamento
1073 480 1260 523 hominis
1292 481 1541 523 amicissimi
1571 481 1753 524 obvene-

207 552 324 606 runt,
357 550 666 606 persequenda.

320 617 438 669 Quae
458 619 692 674 paupertas
714 616 839 661 Claro
859 632 954 677 meo
975 617 1096 660 nulla
1115 618 1251 674 ipsius
1274 618 1401 674 culpa
1425 619 1598 675 optigit,
1636 618 1753 673 2³sed

206 702 345 743 neque
374 689 558 743 paterna
579 686 669 728 ulla
698 701 838 742 neque
867 688 1066 728 materna
1087 686 1201 728 bona
1230 687 1414 729 fruenda
1434 688 1649 743 percepit:
1683 702 1751 729 ea-

204 770 286 811 que
307 755 398 797 fine
414 754 538 797 heres
568 755 684 810 patri
713 754 812 810 fuit,
845 756 894 796 ut
925 754 1208 797 creditoribus
1239 756 1432 810 paternis
1465 771 1593 812 aegre
1624 756 1748 798 satis—

173 821 379 865 ‘faeeret.
442 822 643 866 Ceterum
673 822 938 879 parsimonia
977 825 1020 865 et
1050 823 1205 865 officiis
1244 825 1287 865 et
1324 823 1578 880 frugalitate
1615 840 1747 867 onera

204 891 448 947 quaestoria
479 891 547 934 et⁴
586 891 784 947 aedilicia
822 893 866 934 et
902 892 1119 947 praetoria
1159 891 1414 947 perfunctus
1452 894 1559 935 esth.
1639 893 1750 936 Cui-⁵

202 959 375 1015 quidem
404 974 482 1016 per
512 959 756 1016 apsentiam
787 959 878 1002 eius
900 960 1022 1002 divus
1052 961 1177 1015 pater
1206 962 1348 1002 vester
1378 963 1598 1016 sumptum
1627 977 1748 1016 prae-

201 1029 324 1070 turae
355 1028 407 1070 de
437 1028 540 1071 fisco
571 1030 714 1071 vestro
747 1043 844 1071 cum
875 1029 1149 1084 expendisset
1159 1029 1187 1082 ⁶,
1220 1029 1294 1070 ubi
1325 1029 1511 1085 primum
1531 1030 1578 1072 in
1599 1031 1749 1072 urbem

202 1095 353 1139 Clarus
391 1096 671 1140 reconciliata
702 1096 784 1139 sibi
821 1097 1068 1139 valetudine
1106 1097 1273 1152 rediit7,
1315 1112 1440 1139 omne
1471 1097 1575 1140 fisco
1606 1100 1748 1140 vestro

200 1165 419 1220 persolvit.

311 1233 435 1276 Nihil
473 1234 556 1276 isto
587 1227 762 1276 homine
792 1233 1028 1277 officiosius
1061 1236 1148 1290 est7
1187 1234 1299 1276 nihil
1337 1234 1593 1290 modestius,
1635 1235 1747 1277 nihil

199 1302 495 1345 verecundius.
537 1302 748 1345 Liberalis
770 1302 915 1358 etiam,
949 1303 985 1345 si
1015 1303 1118 1359 quid
1147 1302 1254 1345 mihi
1286 1302 1438 1358 credis,
1472 1305 1515 1345 et
1544 1303 1591 1345 in
1621 1305 1746 1346 tanta

198 1370 426 1426 tenuitate,
460 1373 672 1427 quantum
696 1371 770 1414 'res
800 1371 979 1426 patitur,
1013 1371 1175 1428 largus.

313 1438 590 1495 Simplicitas,
625 1440 825 1495 castitas,
857 1439 1039 1495 veritas,
1071 1439 1176 1482 fides
1207 1455 1390 1484 romana
1419 1439 1570 1495 plane⁷
1618 1443 1743 1494 φιλο-

199 1507 371 1560 emmiu
391 1522 492 1550 vero
513 1508 658 1550 nescio
680 1523 736 1550 an
766 1522 966 1564 romana3
998 1508 1157 1564 quippe
1186 1509 1259 1565 qui
1279 1508 1391 1551 nihil
1412 1508 1554 1550 minus
1575 1508 1621 1550 in
1652 1510 1745 1551 tota

198 1590 294 1618 mea
323 1576 413 1618 vita
440 1576 604 1619 Romae
632 1577 803 1632 repperi
827 1592 957 1632 quam
986 1577 1206 1620 hominem
1236 1578 1402 1620 sincere
1430 1578 1741 1631 φιλόετοργονῑ

197 1645 246 1685 ut
265 1646 434 1700 putem,
467 1645 568 1701 quia
589 1659 739 1700 reapse
759 1659 887 1687 nemo
910 1647 976 1687 est
996 1645 1159 1688 Romae
1181 1646 1483 1700 φιλόετοργοε,
1507 1660 1562 1687 116
1584 1660 1742 1688 nomen

197 1702 369 1768 quidem
399 1712 500 1755 huic
531 1713 682 1755 virtuti
712 1728 804 1756 esse
834 1714 1099 1756 romanumS.

311 1779 442 1824 Hunc
462 1781 558 1837 tibi,
591 1781 790 1837 Domine,
823 1783 997 1838 quantis
1028 1796 1202 1838 possum
1222 1783 1450 1838 praecibus
1473 1783 1737 1825 commendo.

142 1888 144 1891 ,
198 1848 243 1891 Si
274 1864 478 1905 umquam
507 1864 575 1892 me
607 1850 763 1892 amasti
793 1850 882 1892 sive
914 1852 1133 1893 amaturus
1164 1865 1367 1906 umquam
1397 1865 1455 1906 es,
1489 1851 1605 1894 hunc
1627 1867 1651 1893 a
1671 1867 1739 1894 me

195 1917 295 1959 fidei
326 1919 426 1960 tuae
457 1920 586 1974 atque
616 1918 688 1974 opi
717 1918 927 1961 traditum
956 1918 1117 1961 tuearis
1147 1919 1289 1974 pet09.

310 2077 333 2102 a
357 2069 401 2101 In
425 2070 596 2112 margine:
621 2065 738 2102 Huius
761 2067 966 2113 paupertas
992 2067 1119 2102 artior.

309 2123 334 2158 b
361 2126 404 2158 In
420 2127 591 2168 margine.-
617 2123 790 2159 Ceterum
806 2123 1037 2170 parsimonia
1053 2123 1184 2159 officiis
1201 2125 1239 2159 et
1256 2125 1351 2169 frug.
1372 2145 1414 2149 —-
1434 2125 1652 2170 perfunctus
1670 2126 1737 2160 est.

311 2265 325 2296 1
355 2260 495 2296 Codex:
536 2259 633 2303 NCQ
660 2289 667 2296 .
695 2287 703 2294 .
731 2289 738 2295 .
766 2289 773 2295 .
802 2289 808 2295 .
847 2260 921 2304 ,mh
963 2262 1002 2296 et
1032 2261 1118 2296 suut
1148 2260 1311 2307 vestigia
1342 2261 1522 2307 scriptum
1553 2260 1667 2296 fuisse
1692 2282 1737 2287 —

195 2331 301 2364 quam.
352 2317 555 2363 Perperam
578 2317 699 2353 Maius
727 2330 823 2353 sane.
1049 2318 1054 2323 ”

307 2378 327 2408 2
348 2373 494 2409 Codex:
520 2387 716 2415 causaussa,
741 2374 807 2410 sed
832 2385 924 2410 corr.

307 2435 328 2466 3
351 2430 488 2476 Incipit
512 2429 600 2466 Cod.
627 2443 663 2476 p.
690 2434 769 2466 423.
819 2430 960 2467 Codex:
987 2435 1121 2477 optigit.

307 2491 328 2522 4
353 2487 411 2522 Ita
435 2486 571 2522 Codex.

307 2549 327 2580 5
353 2543 493 2580 Codex:
519 2557 600 2579 cum.
650 2543 785 2580 Maius:
823 2548 886 2585 cui,
913 2545 1014 2590 quod
1042 2556 1131 2580 sane
1156 2545 1379 2590 postulatur.
1430 2544 1653 2581 Coniectura
1677 2547 1735 2581 est

192 2600 409 2636 Heindorfii.
1376 2627 1378 2630 -
1451 2613 1454 2615 ’

308 2661 328 2692 6
352 2658 411 2692 Ita
428 2656 564 2693 Codex,
587 2657 669 2693 Mos
686 2657 717 2693 is
733 2657 805 2693 fuit
817 2657 998 2694 Antonini
1013 2658 1081 2702 Pii,
1099 2660 1141 2693 ut
1157 2659 1319 2694 testatur
1337 2658 1580 2704 Capitolinus.
1605 2663 1731 2696 Maius.

307 2718 326 2750 7
350 2715 410 2750 Ita
434 2713 575 2750 Codex:
600 2718 693 2750 redit
712 2714 843 2750 Maius.

306 2775 327 2806 8
353 2771 404 2807 Cf.
431 2771 601 2806 Marcum
626 2770 671 2806 de
695 2771 789 2807 Reb.
817 2770 852 2807 S.
879 2772 907 2807 Ι.
936 2776 992 2807 11:
1020 2774 1122 2817 παρὰ
1147 2773 1394 2817 Φρόντωνοε·
1422 2784 1464 2798 ·-
1490 2774 1525 2809 oi
1550 2775 1733 2818 καλούμε-

193 2839 251 2864 νοι
276 2828 382 2863 οὗτοι
407 2829 501 2872 παρ’
525 2828 617 2871 ἡμῖν
642 2828 863 2873 εὐπατρίδαι
886 2829 1155 2874 ἀετοργότεροί
1178 2840 1261 2864 πω(
1286 2829 1388 2865 εἰείν.

305 2888 325 2920 9
352 2884 432 2920 0111.
458 2879 589 2920 Maius.
