1968 3158
264 143 347 185 216
602 141 649 176 Μ.
677 139 904 177 CORNELII
928 139 1205 176 FRONTONIS
1229 140 1464 178 EPISTULA

379 256 568 310 Myrtum
599 254 840 309 buxumque
872 255 1096 309 ceteraque
1134 254 1309 296 tonsilia
1347 255 1522 298 arbusta
1552 259 1679 313 atque
1710 258 1791 300 vir-

267 323 389 378 gulta
426 336 591 363 summa
629 321 855 377 diligentia
894 323 936 363 et
975 321 1115 363 studio
1145 322 1268 377 radi,
1307 323 1463 379 rigari,
1504 324 1613 366 comi
1651 325 1791 380 solita,

267 389 385 431 humi
426 391 594 444 reptare
626 391 700 431 aut
736 389 895 431 ibidem
931 388 1044 430 haud
1084 389 1233 445 procul
1271 405 1295 431 a
1333 390 1422 432 solo
1460 392 1684 449 cacumina
1715 393 1793 435 eri-

267 472 388 513 gere:
443 459 488 499 at
535 456 630 498 illas
679 457 875 499 intonsas
920 457 1082 500 abietes
1126 457 1430 514 neglectasque
1479 459 1622 514 piceas
1668 462 1811 516 caput.

269 525 482 567 aemulum
511 524 696 566 nubibus
728 524 882 567 addere
896 526 905 551 ¹
918 534 948 567 ὃ.

380 592 479 634 Non
511 607 641 647 aeque
672 592 901 648 diligentes
931 594 985 634 'ad
1016 594 1305 648 quaerendum
1339 595 1500 637 victum
1531 597 1574 637 et
1605 610 1807 652 compar-¹

269 661 449 703 cendum
481 660 795 703 cibumvleones
831 662 879 701 ut
908 660 1108 703 formicas
1139 676 1252 717 esse,
1284 663 1458 704 texendi
1488 677 1586 705 vero
1616 677 1796 706 araneas

268 728 560 784 diligentiores
591 742 685 770 esse
722 743 849 783 quam
879 727 1139 784 Penelopam
1174 730 1306 772 ullam
1337 730 1403 773 vel
1433 731 1794 774 Andromacham.
1856 775 1859 779 ,

268 796 327 838 Et
358 796 533 838 omnino
556 796 756 838 tenuibus
787 796 976 851 ingeniis
997 798 1040 838 et
1072 830 1795 842 .................

218 913 233 917 κ
271 897 547 907 .......
576 863 1407 920 ».12...Ιιοο..(]ιιειε..ῐιθνθ
1450 867 1797 925 ob..etvo-

268 932 450 974 luntaris
487 932 598 987 quod
635 932 701 974 vel
739 932 1018 987 praecipuum
1053 947 1153 974 vero
1184 966 1192 975 .
1226 966 1235 975 .
1267 934 1324 975 tis
1362 934 1573 976 amicitias
1613 967 1623 977 .
1658 968 1667 976 .
1705 935 1796 976 dili—

269 1000 460 1055 gentiam
503 999 720 1042 interdum
763 1032 1795 1045 ........................

272 1099 503 1109 ......
518 1068 550 1121 13
584 1101 592 1109 .
628 1101 637 1109 .
673 1100 681 1109 .
715 1069 870 1109 nerent
899 1067 998 1109 deos
1032 1101 1040 1110 .
1077 1101 1085 1110 .
1120 1068 1186 1110 cui
1225 1083 1291 1110 res
1325 1102 1334 1111 .
1370 1102 1378 1111 .
1411 1084 1499 1111 non
1538 1084 1589 1111 ex
1631 1085 1709 1126 pro
1742 1103 1750 1112 .

270 1149 320 1176 ex
351 1149 419 1176 ser
451 1168 460 1176 .
496 1168 504 1176 .
538 1135 691 1190 Quota,
723 1149 796 1177 oro
826 1137 882 1190 te,
914 1136 1054 1191 portio
1084 1135 1346 1179 Lucullanae
1379 1170 1388 1179 .
1425 1171 1434 1179 .
1468 1136 1650 1180 Caesum
1670 1152 1798 1181 aureo

383 1373 406 1397 a
431 1364 475 1396 In
498 1365 664 1406 margine:
712 1361 884 1396 Intonsas
917 1361 1060 1397 abietes
1097 1364 1210 1408 caput
1240 1363 1426 1398 aemulum
1457 1362 1617 1399 nubibus
1647 1363 1796 1400 abdere.

271 1419 375 1461 (corr.
401 1431 470 1452 sec.
496 1431 547 1458 m„
574 1431 650 1452 nam
672 1431 728 1462 pr.
755 1431 794 1453 m.
822 1425 857 1452 ut
881 1422 1013 1454 videtur
1037 1417 1186 1454 addere.

387 1546 402 1576 1
428 1542 488 1577 Ita
512 1541 647 1577 Codex.
698 1541 750 1577 Cf.
778 1551 918 1587 margo.

384 1602 404 1633 2
430 1598 605 1642 Sequitur
628 1610 663 1644 p.
691 1602 773 1642 230,
806 1610 901 1643 quae
927 1597 1001 1644 legi
1026 1598 1166 1643 nequit.
1217 1598 1392 1644 Sequitur
1415 1612 1450 1645 p.
1475 1604 1559 1645 243,
1590 1600 1691 1636 cuius
1717 1612 1799 1637 con-

273 1654 364 1689 ditio
390 1666 464 1690 non
490 1655 545 1690 est
569 1655 687 1690 multo
712 1655 854 1691 melior.

385 1715 405 1746 3
431 1710 606 1755 Sequitur
631 1710 718 1746 Cod.
745 1723 780 1757 p.
805 1715 883 1750 244.
