1968 3158
593 185 780 222 LAUDES
812 186 927 224 FUMI
954 185 1016 223 ΕΤ
1042 186 1287 224 PULVERIS.
1625 189 1710 232 213

174 300 381 345 iocularia
410 303 592 356 austere,
624 301 754 344 fortia
783 300 979 345 hilariter
1010 301 1214 345 dicenda¹
1249 334 1706 346 ...........

177 401 455 413 .......
469 369 504 426 Ι2
538 403 547 412 .
583 403 592 413 .
628 403 637 412 .
670 369 796 412 Modo
826 369 950 413 dulce
979 369 1084 413 illud
1115 370 1412 427 incorruptum
1444 370 1502 414 sit
1526 371 1602 414 ac³
1633 386 1708 428 pu-

173 436 331 492 dicum,
364 436 654 481 Tusculanum
685 437 759 480 ac⁴
791 437 1007 493 Ionicum,
1040 438 1083 481 id
1114 441 1180 481 cst
1201 438 1378 482 Catonis
1409 441 1453 482 et
1473 437 1708 482 Herodoti⁶

177 537 411 549 ......
474 505 524 549 In
556 506 677 558 ,omni
716 519 762 548 re
799 505 970 549 facilius
1008 508 1074 549 est
1109 506 1321 549 rationem
1367 506 1545 550 docendi
1583 522 1708 550 nosse

174 589 303 632 quam
334 574 419 618 vim
449 573 606 630 agendi
636 573 859 617 obtinere⁶
882 607 1135 617 ........
1169 576 1234 617 est
1263 574 1423 617 multus
1446 608 1629 618 ......
1662 589 1708 618 re

175 641 334 686 sic'est
361 642 434 699 qui
460 642 629 697 ¹⁷sicuti
658 641 767 684 bene
797 641 905 684 velle
936 656 986 685 ac
1018 642 1126 685 bene
1156 643 1343 698 precari,
1376 657 1484 699 quae
1514 658 1581 686 res
1605 658 1708 687 voce

176 710 403 767 animoque
432 710 526 753 sine
555 709 709 766 opibus
739 705 1087 766 perpetranturfl.

287 778 429 834 Igitur
471 780 521 821 ut
556 779 736 835 quisque
773 792 819 820 se
859 778 1217 834 benignissimum
1256 779 1517 834 praestabit,
1564 780 1626 823 ita
1671 780 1707 823 is

173 846 379 904 plurimos
408 846 615 889 laudabit.
678 846 769 889 Nec
808 848 982 889 tantum
1011 861 1095 901 eos,
1136 861 1241 903 quos
1272 847 1344 889 alii
1375 862 1541 904 quoque
1575 847 1707 891 laudi-

173 915 252 958 bus
283 916 385 957 ante
423 914 739 969 decoraverint,
782 928 930 957 verum
971 915 1194 970 conquiret
1231 915 1330 958 deos
1369 918 1413 958 et
1451 909 1645 959 h‘omines
1682 932 1708 959 a

174 986 410 1027 ceterorum
449 982 647 1025 laudibus
690 982 984 1025 relictissimos
1030 982 1174 1039 ibique
1211 983 1386 1040 signum
1423 983 1706 1040 benignitatis

173 1053 407 1108 expromet.
468 1050 530 1094 Ut
560 1050 750 1108 agricola
781 1064 932 1107 agrum
963 1050 1175 1094 intactum
1207 1051 1241 1093 si
1275 1053 1485 1106 conserat,
1526 1051 1706 1094 laborio-

172 1134 244 1163 sus
274 1122 359 1175 est;
389 1119 600 1174 sacerdOS,
633 1119 667 1161 si
691 1121 796 1175 aput
814 1118 966 1165 fanum
986 1119 1200 1162 desertum
1231 1122 1274 1162 et
1305 1119 1447 1162 avium
1478 1119 1704 1175 sacrificet,

172 1187 397 1245 religiosus
428 1190 494 1230 est
505 1187 536 1230 b.
1653 1180 1655 1182 ’

287 1255 488 1299 Laudabo
535 1256 670 1312 igitur
721 1255 836 1307 deos*
865 1255 1160 1312 infrequentes
1207 1256 1378 1312 quidem
1424 1271 1449 1298 a
1492 1255 1705 1311 laudibus,

171 1339 319 1368 verum
359 1324 407 1367 in
443 1338 522 1366 usu
560 1323 760 1380 cultuque
797 1323 988 1366 humano
1023 1324 1415 1380 frequentissimos,
1460 1324 1627 1366 fumum
1664 1326 1707 1366 et

171 1392 412 1450 pulverem,
445 1392 539 1435 sine
569 1392 670 1448 quis,
694 1406 833 1448 neque
864 1393 989 1434 asae8
1026 1406 1165 1448 neque
1201 1391 1286 1434 foci
1323 1405 1403 1434 nec
1440 1392 1555 1447 viae,
1595 1391 1707 1448 quod

172 1461 299 1518 volgo
330 1461 466 1514 aiunt,
498 1474 579 1503 nec
610 1459 788 1503 semitae
818 1462 1097 1516 usurpantur.

285 1527 443 1579 Quodsi
464 1527 558 1584 quis
579 1527 660 1570 hoc
680 1528 866 1583 primum
887 1527 1070 1584 ambigit
1079 1529 1109 1579 ⁹,
1141 1527 1419 1570 habendusne
1432 1526 1467 1553 ¹⁰
1486 1527 1543 1569 sit
1563 1528 1705 1569 fumus

172 1599 218 1640 in
248 1610 426 1640 numero
463 1595 657 1650 deorum,
699 1595 860 1652 cogitet
896 1597 1046 1638 ventos
1083 1610 1249 1651 quoque
1286 1595 1333 1637 in
1369 1594 1494 1638 deum
1529 1610 1707 1638 numero

172 1665 341 1719 haberi,
381 1677 573 1719 quaeque
603 1665 705 1705 sunt
733 1663 852 1705 fumo
882 1663 1138 1718 simillimae,
1171 1662 1350 1705 nebulas
1381 1663 1601 1719 nubesque
1630 1679 1704 1719 pu-

172 1733 256 1777 tari
286 1733 387 1775 deas
417 1733 461 1774 et
489 1732 535 1774 in
574 1730 692 1773 caelo
722 1731 934 1786 conspici,
975 1734 1038 1786 et,
1078 1733 1126 1773 ut
1156 1733 1309 1787 poetae
1344 1731 1506 1786 ferunt,
1539 1731 1703 1774 amiciri

174 1802 274 1845 deos
303 1799 492 1843 nubibus
503 1809 532 1853 ⁰,
565 1801 608 1841 et
638 1798 728 1841 Iovi
759 1798 1000 1855 Iunonique
1031 1799 1289 1842 cubantibus
1320 1798 1479 1841 nubem
1509 1798 1564 1840 ab
1594 1799 1704 1842 arbi-

289 1950 312 1974 a
336 1940 380 1973 In
404 1938 572 1981 maryine:
605 1946 624 1970 e
651 1962 908 1970 ........
940 1934 979 1969 ni
1009 1935 1066 1970 est
1095 1934 1214 1970 multa
1246 1961 1467 1970 .......
1500 1945 1539 1969 re
1568 1933 1620 1970 sic
1650 1935 1706 1971 est

174 1996 238 2043 qui
255 1995 352 2032 sicut
374 1994 470 2030 bene
493 1992 588 2029 velle
605 1995 644 2028 et
668 1992 764 2028 bene
787 1991 958 2038 praecari
984 2002 1079 2036 quae
1104 2001 1165 2026 res
1189 2001 1280 2027 voce
1305 1989 1504 2035 animoque
1529 1990 1608 2027 sine
1632 2002 1704 2038 ope

172 2052 423 2102 perpetratur.

284 2109 310 2145 b
334 2110 379 2143 ln
403 2108 571 2152 maraine:
617 2104 795 2151 Agricola
818 2124 863 2129 —
886 2103 1083 2150 religiosus
1108 2104 1174 2139 est.

287 2178 306 2201 c
331 2167 376 2200 ln
399 2166 567 2208 margine:
614 2161 665 2198 Ut
688 2161 824 2208 poetae
848 2181 893 2186 —
916 2160 1088 2196 nubibus

288 2278 305 2309 1
331 2272 526 2312 Sententia
550 2287 571 2311 e
594 2274 773 2320 margine,
799 2285 911 2319 quam
935 2273 1054 2310 Maius
1079 2272 1253 2319 expedire
1278 2283 1351 2308 non
1374 2273 1508 2319 potuit.

286 2335 307 2366 2
332 2329 506 2376 Sequitur
529 2331 617 2368 Cod.
644 2343 679 2378 p.
698 2334 777 2376 254,
802 2342 910 2367 erasa
934 2331 1085 2377 praeter
1108 2341 1228 2376 pauca
1252 2329 1437 2375 quaedam
1460 2330 1496 2365 in
1522 2330 1700 2375 margine.

286 2392 308 2425 3
331 2387 450 2423 Maius
474 2395 518 2424 et.
994 2396 1000 2401 ’

287 2448 309 2480 4
331 2443 451 2480 Maius
475 2452 519 2480 et.

287 2504 309 2537 5
333 2499 527 2536 Sententia
550 2511 570 2536 e
595 2499 774 2545 margine.

287 2560 308 2591 6
334 2556 527 2593 Sententia
551 2566 571 2592 e
595 2555 773 2602 margine.

289 2617 308 2649 7
333 2613 467 2659 Incipit
491 2612 579 2649 Cod.
605 2624 641 2658 p.
667 2616 745 2649 253.
1706 2628 1719 2639 ·

288 2673 310 2706 8
335 2669 388 2706 Cf.
419 2669 512 2706 Gen.
539 2668 600 2704 IV.
626 2673 658 2705 3.
706 2667 872 2705 Macrob.
897 2667 1043 2704 Saturn.
1071 2668 1133 2703 111.
1160 2672 1191 2703 ⁶2..
1219 2666 1319 2703 Serv.
1347 2667 1396 2703 ad
1419 2669 1510 2703 Aen.
1538 2666 1597 2702 IV.
1624 2672 1700 2705 219.

176 2730 303 2763 Jlaieoe.
346 2725 579 2762 Ecksteinius
604 2724 710 2762 addit
733 2724 858 2768 Quint.
885 2725 911 2759 I.
936 2728 968 2760 4.
998 2728 1038 2760 13
1068 2735 1088 2760 e
1114 2723 1206 2761 coni.
1263 2723 1404 2770 Sarpii,
1429 2736 1539 2770 quam
1564 2725 1702 2771 probat

175 2784 422 2820 Buttmannus
444 2782 484 2819 in
508 2781 699 2828 Spalding.
725 2781 848 2825 Quint.
876 2780 918 2816 Τ.
945 2781 995 2816 lv
1019 2793 1054 2827 p.
1080 2780 1141 2816 XI.

289 2844 311 2877 9
335 2839 475 2875 Codex:
501 2841 615 2876 abicit.

269 2901 310 2933 10
334 2895 474 2933 Codex:
504 2897 727 2932 habendusve.
