<?xml version="1.0" encoding="UTF-8"?>
<!DOCTYPE html PUBLIC "-//W3C//DTD XHTML 1.0 Transitional//EN"
    "http://www.w3.org/TR/xhtml1/DTD/xhtml1-transitional.dtd">
<html xmlns="http://www.w3.org/1999/xhtml" xml:lang="en" lang="en">
 <head>
  <title>
</title>
<meta http-equiv="Content-Type" content="text/html;charset=utf-8" />
  <meta name='ocr-system' content='tesseract 3.04.00' />
  <meta name='ocr-capabilities' content='ocr_page ocr_carea ocr_par ocr_line ocrx_word'/>
</head>
<body>
  <div class='ocr_page' id='page_1' title='image "./mcorneliifronton00fronuoft_0027.png"; bbox 0 0 1968 3158; ppageno 0'>
   <div class='ocr_carea' id='block_1_1' title="bbox 783 132 1751 174">
    <p class='ocr_par' dir='ltr' id='par_1_1' title="bbox 783 132 1751 174">
     <span class='ocr_line' id='line_1_1' title="bbox 783 132 1751 174; baseline 0.006 -6"><span class='ocrx_word' id='word_1_1' title='bbox 783 133 974 170; x_wconf 67' lang='lat' dir='ltr'><strong>PROLEG</strong></span> <span class='ocrx_word' id='word_1_2' title='bbox 981 132 1163 169; x_wconf 87' lang='lat' dir='ltr'><strong>OMENA.</strong></span> <span class='ocrx_word' id='word_1_3' title='bbox 1631 144 1751 174; x_wconf 76' lang='lat' dir='ltr'>xxm</span> 
     </span>
    </p>
   </div>
   <div class='ocr_carea' id='block_1_2' title="bbox 141 248 1769 2922">
    <p class='ocr_par' dir='ltr' id='par_1_2' title="bbox 141 248 1769 2922">
     <span class='ocr_line' id='line_1_2' title="bbox 203 248 1751 307; baseline -0.004 -12"><span class='ocrx_word' id='word_1_4' title='bbox 203 267 275 295; x_wconf 88' lang='lat' dir='ltr'>sar</span> <span class='ocrx_word' id='word_1_5' title='bbox 304 252 384 307; x_wconf 86' lang='grc' dir='ltr'>ΙΙΙ,</span> <span class='ocrx_word' id='word_1_6' title='bbox 421 251 474 293; x_wconf 89' lang='grc'>14</span> <span class='ocrx_word' id='word_1_7' title='bbox 504 250 679 306; x_wconf 72' lang='lat' dir='ltr'>scripsit</span> <span class='ocrx_word' id='word_1_8' title='bbox 709 250 760 292; x_wconf 91' lang='lat' dir='ltr'>de</span> <span class='ocrx_word' id='word_1_9' title='bbox 792 249 975 304; x_wconf 88' lang='lat' dir='ltr'>epistola</span> <span class='ocrx_word' id='word_1_10' title='bbox 1005 249 1191 305; x_wconf 86' lang='lat' dir='ltr'>quadam</span> <span class='ocrx_word' id='word_1_11' title='bbox 1221 248 1455 304; x_wconf 75' lang='lat' dir='ltr'>Ciceronis,</span> <span class='ocrx_word' id='word_1_12' title='bbox 1487 262 1577 290; x_wconf 90' lang='lat' dir='ltr'>non</span> <span class='ocrx_word' id='word_1_13' title='bbox 1608 262 1751 303; x_wconf 84' lang='lat' dir='ltr'>super-</span> 
     </span>
     <span class='ocr_line' id='line_1_3' title="bbox 204 317 1752 376; baseline -0.004 -11"><span class='ocrx_word' id='word_1_14' title='bbox 204 324 285 365; x_wconf 87' lang='lat' dir='ltr'>est.</span> <span class='ocrx_word' id='word_1_15' title='bbox 348 320 467 371; x_wconf 83' lang='lat' dir='ltr'>Quae</span> <span class='ocrx_word' id='word_1_16' title='bbox 499 320 694 376; x_wconf 86' lang='lat' dir='ltr'>sequitur</span> <span class='ocrx_word' id='word_1_17' title='bbox 730 318 965 361; x_wconf 74' lang='lat' dir='ltr'>Frontonis</span> <span class='ocrx_word' id='word_1_18' title='bbox 1003 318 1187 374; x_wconf 88' lang='lat' dir='ltr'>epistola</span> <span class='ocrx_word' id='word_1_19' title='bbox 1217 317 1298 373; x_wconf 85' lang='grc' dir='ltr'>ΙΙΙ,</span> <span class='ocrx_word' id='word_1_20' title='bbox 1334 317 1406 373; x_wconf 89' lang='lat'>15,</span> <span class='ocrx_word' id='word_1_21' title='bbox 1451 317 1592 373; x_wconf 85' lang='lat' dir='ltr'>capite</span> <span class='ocrx_word' id='word_1_22' title='bbox 1631 319 1752 359; x_wconf 90' lang='lat' dir='ltr'>trun-</span> 
     </span>
     <span class='ocr_line' id='line_1_4' title="bbox 205 385 1751 434; baseline -0.005 0"><span class='ocrx_word' id='word_1_23' title='bbox 205 393 303 434; x_wconf 80' lang='lat' dir='ltr'>cata</span> <span class='ocrx_word' id='word_1_24' title='bbox 342 393 421 432; x_wconf 88' lang='lat' dir='ltr'>est.</span> <span class='ocrx_word' id='word_1_25' title='bbox 484 388 584 432; x_wconf 90' lang='lat' dir='ltr'>Non</span> <span class='ocrx_word' id='word_1_26' title='bbox 618 388 831 431; x_wconf 64' lang='lat' dir='ltr'>&gt;miramur</span> <span class='ocrx_word' id='word_1_27' title='bbox 869 387 1051 430; x_wconf 87' lang='lat' dir='ltr'>candido</span> <span class='ocrx_word' id='word_1_28' title='bbox 1090 389 1134 429; x_wconf 88' lang='lat' dir='ltr'>et</span> <span class='ocrx_word' id='word_1_29' title='bbox 1171 401 1319 429; x_wconf 89' lang='lat' dir='ltr'>severo</span> <span class='ocrx_word' id='word_1_30' title='bbox 1359 385 1554 430; x_wconf 81' lang='lat' dir='ltr'>Caesaris</span> <span class='ocrx_word' id='word_1_31' title='bbox 1593 385 1751 428; x_wconf 83' lang='lat' dir='ltr'>iudicio</span> 
     </span>
     <span class='ocr_line' id='line_1_5' title="bbox 203 454 1752 514; baseline -0.004 -11"><span class='ocrx_word' id='word_1_32' title='bbox 203 459 291 503; x_wconf 89' lang='lat' dir='ltr'>iam</span> <span class='ocrx_word' id='word_1_33' title='bbox 322 462 414 502; x_wconf 91' lang='lat' dir='ltr'>tum</span> <span class='ocrx_word' id='word_1_34' title='bbox 447 458 718 514; x_wconf 83' lang='lat' dir='ltr'>displicuisse</span> <span class='ocrx_word' id='word_1_35' title='bbox 750 456 984 499; x_wconf 90' lang='lat' dir='ltr'>artificium</span> <span class='ocrx_word' id='word_1_36' title='bbox 1013 455 1290 511; x_wconf 87' lang='lat' dir='ltr'>rhetoricum,</span> <span class='ocrx_word' id='word_1_37' title='bbox 1325 455 1446 498; x_wconf 89' lang='lat' dir='ltr'>cuius</span> <span class='ocrx_word' id='word_1_38' title='bbox 1477 454 1752 510; x_wconf 83' lang='lat' dir='ltr'>disciplinam</span> 
     </span>
     <span class='ocr_line' id='line_1_6' title="bbox 205 523 1751 586; baseline -0.004 -14"><span class='ocrx_word' id='word_1_39' title='bbox 205 527 368 571; x_wconf 87' lang='lat' dir='ltr'>Fronto</span> <span class='ocrx_word' id='word_1_40' title='bbox 405 528 697 586; x_wconf 80' lang='lat' dir='ltr'>profiteretur.</span> <span class='ocrx_word' id='word_1_41' title='bbox 757 525 971 581; x_wconf 73' lang='lat' dir='ltr'>Magister</span> <span class='ocrx_word' id='word_1_42' title='bbox 1008 524 1178 580; x_wconf 86' lang='lat' dir='ltr'>copiose</span> <span class='ocrx_word' id='word_1_43' title='bbox 1217 525 1410 567; x_wconf 84' lang='lat' dir='ltr'>ostendit</span> <span class='ocrx_word' id='word_1_44' title='bbox 1448 523 1648 580; x_wconf 87' lang='lat' dir='ltr'>discipuli</span> <span class='ocrx_word' id='word_1_45' title='bbox 1677 523 1751 566; x_wconf 88' lang='lat' dir='ltr'>du-</span> 
     </span>
     <span class='ocr_line' id='line_1_7' title="bbox 203 586 1769 649; baseline -0.004 -8"><span class='ocrx_word' id='word_1_46' title='bbox 203 597 440 641; x_wconf 86' lang='lat' dir='ltr'>bitationes</span> <span class='ocrx_word' id='word_1_47' title='bbox 476 597 630 640; x_wconf 87' lang='lat' dir='ltr'>inanes</span> <span class='ocrx_word' id='word_1_48' title='bbox 677 609 790 649; x_wconf 82' lang='lat' dir='ltr'>esse3</span> <span class='ocrx_word' id='word_1_49' title='bbox 834 594 1021 636; x_wconf 85' lang='lat' dir='ltr'>fortasse</span> <span class='ocrx_word' id='word_1_50' title='bbox 1064 595 1214 635; x_wconf 91' lang='lat' dir='ltr'>tamen</span> <span class='ocrx_word' id='word_1_51' title='bbox 1258 609 1347 636; x_wconf 88' lang='lat' dir='ltr'>non</span> <span class='ocrx_word' id='word_1_52' title='bbox 1392 593 1620 649; x_wconf 84' lang='lat' dir='ltr'>persuasit.</span> <span class='ocrx_word' id='word_1_53' title='bbox 1681 586 1769 634; x_wconf 82' lang='lat' dir='ltr'>Ad&#39;</span> 
     </span>
     <span class='ocr_line' id='line_1_8' title="bbox 204 661 1753 722; baseline -0.005 -11"><span class='ocrx_word' id='word_1_54' title='bbox 204 668 318 710; x_wconf 92' lang='lat' dir='ltr'>idem</span> <span class='ocrx_word' id='word_1_55' title='bbox 356 669 527 722; x_wconf 89' lang='lat' dir='ltr'>tempus</span> <span class='ocrx_word' id='word_1_56' title='bbox 564 664 704 706; x_wconf 89' lang='lat' dir='ltr'>refero</span> <span class='ocrx_word' id='word_1_57' title='bbox 741 662 974 705; x_wconf 85' lang='lat' dir='ltr'>Frontonis</span> <span class='ocrx_word' id='word_1_58' title='bbox 1015 661 1244 718; x_wconf 90' lang='lat' dir='ltr'>epistolam</span> <span class='ocrx_word' id='word_1_59' title='bbox 1273 662 1353 718; x_wconf 90' lang='lat' dir='ltr'>III,</span> <span class='ocrx_word' id='word_1_60' title='bbox 1390 663 1455 705; x_wconf 89' lang='grc'>16.</span> <span class='ocrx_word' id='word_1_61' title='bbox 1517 662 1610 704; x_wconf 89' lang='lat' dir='ltr'>Iam</span> <span class='ocrx_word' id='word_1_62' title='bbox 1640 661 1753 718; x_wconf 85' lang='lat' dir='ltr'>legit</span> 
     </span>
     <span class='ocr_line' id='line_1_9' title="bbox 202 731 1752 788; baseline -0.005 -9"><span class='ocrx_word' id='word_1_63' title='bbox 202 736 375 779; x_wconf 87' lang='lat' dir='ltr'>Marcus</span> <span class='ocrx_word' id='word_1_64' title='bbox 408 733 663 788; x_wconf 76' lang='lat' dir='ltr'>comoedias,</span> <span class='ocrx_word' id='word_1_65' title='bbox 705 731 933 786; x_wconf 90' lang='lat' dir='ltr'>atellanas,</span> <span class='ocrx_word' id='word_1_66' title='bbox 976 732 1167 773; x_wconf 88' lang='lat' dir='ltr'>oratores</span> <span class='ocrx_word' id='word_1_67' title='bbox 1206 733 1387 786; x_wconf 89' lang='lat' dir='ltr'>veteres,</span> <span class='ocrx_word' id='word_1_68' title='bbox 1429 731 1535 773; x_wconf 88' lang='lat' dir='ltr'>alios</span> <span class='ocrx_word' id='word_1_69' title='bbox 1570 745 1752 786; x_wconf 86' lang='lat' dir='ltr'>quorum</span> 
     </span>
     <span class='ocr_line' id='line_1_10' title="bbox 203 800 1751 859; baseline -0.005 -11"><span class='ocrx_word' id='word_1_70' title='bbox 203 804 392 848; x_wconf 85' lang='lat' dir='ltr'>studium</span> <span class='ocrx_word' id='word_1_71' title='bbox 429 803 639 859; x_wconf 86' lang='lat' dir='ltr'>magister</span> <span class='ocrx_word' id='word_1_72' title='bbox 671 800 1014 855; x_wconf 74' lang='lat' dir='ltr'>commendarat,</span> <span class='ocrx_word' id='word_1_73' title='bbox 1055 814 1196 856; x_wconf 85' lang='lat' dir='ltr'>nuper</span> <span class='ocrx_word' id='word_1_74' title='bbox 1227 800 1370 855; x_wconf 91' lang='lat' dir='ltr'>coepit</span> <span class='ocrx_word' id='word_1_75' title='bbox 1400 800 1544 855; x_wconf 85' lang='lat' dir='ltr'>legere</span> <span class='ocrx_word' id='word_1_76' title='bbox 1575 800 1751 841; x_wconf 87' lang='lat' dir='ltr'>ornatas</span> 
     </span>
     <span class='ocr_line' id='line_1_11' title="bbox 203 867 1752 930; baseline -0.005 -13"><span class='ocrx_word' id='word_1_77' title='bbox 203 876 248 918; x_wconf 91' lang='lat' dir='ltr'>et</span> <span class='ocrx_word' id='word_1_78' title='bbox 275 872 544 930; x_wconf 90' lang='lat' dir='ltr'>pompaticas</span> <span class='ocrx_word' id='word_1_79' title='bbox 575 871 807 926; x_wconf 87' lang='lat' dir='ltr'>orationes,</span> <span class='ocrx_word' id='word_1_80' title='bbox 849 869 973 912; x_wconf 88' lang='lat' dir='ltr'>credo</span> <span class='ocrx_word' id='word_1_81' title='bbox 1003 868 1236 911; x_wconf 81' lang='lat' dir='ltr'>Frontonis</span> <span class='ocrx_word' id='word_1_82' title='bbox 1273 868 1433 923; x_wconf 89' lang='lat' dir='ltr'>ipsius,</span> <span class='ocrx_word' id='word_1_83' title='bbox 1473 868 1547 924; x_wconf 85' lang='lat' dir='ltr'>qui</span> <span class='ocrx_word' id='word_1_84' title='bbox 1586 868 1634 910; x_wconf 90' lang='lat' dir='ltr'>in</span> <span class='ocrx_word' id='word_1_85' title='bbox 1670 867 1752 910; x_wconf 88' lang='lat' dir='ltr'>hoc</span> 
     </span>
     <span class='ocr_line' id='line_1_12' title="bbox 203 937 1751 998; baseline -0.004 -12"><span class='ocrx_word' id='word_1_86' title='bbox 203 941 374 986; x_wconf 90' lang='lat' dir='ltr'>dicendi</span> <span class='ocrx_word' id='word_1_87' title='bbox 403 955 564 998; x_wconf 83' lang='lat' dir='ltr'>genere</span> <span class='ocrx_word' id='word_1_88' title='bbox 605 939 865 994; x_wconf 80' lang='lat' dir='ltr'>excellebat3</span> <span class='ocrx_word' id='word_1_89' title='bbox 911 938 1025 995; x_wconf 86' lang='lat' dir='ltr'>quod</span> <span class='ocrx_word' id='word_1_90' title='bbox 1064 939 1210 980; x_wconf 90' lang='lat' dir='ltr'>autem</span> <span class='ocrx_word' id='word_1_91' title='bbox 1251 937 1334 980; x_wconf 88' lang='lat' dir='ltr'>sibi</span> <span class='ocrx_word' id='word_1_92' title='bbox 1371 937 1504 993; x_wconf 84' lang='lat' dir='ltr'>elegit</span> <span class='ocrx_word' id='word_1_93' title='bbox 1550 938 1751 980; x_wconf 82' lang='grc' dir='ltr'>ὑπόθεειν</span> 
     </span>
     <span class='ocr_line' id='line_1_13' title="bbox 203 1005 1753 1066; baseline -0.006 -10"><span class='ocrx_word' id='word_1_94' title='bbox 203 1012 505 1066; x_wconf 80' lang='grc' dir='ltr'>ἐπιδεικτικὴν,</span> <span class='ocrx_word' id='word_1_95' title='bbox 552 1023 781 1066; x_wconf 86' lang='lat' dir='ltr'>perperam</span> <span class='ocrx_word' id='word_1_96' title='bbox 817 1007 945 1062; x_wconf 90' lang='lat' dir='ltr'>fecit,</span> <span class='ocrx_word' id='word_1_97' title='bbox 999 1022 1103 1050; x_wconf 89' lang='lat' dir='ltr'>nam</span> <span class='ocrx_word' id='word_1_98' title='bbox 1151 1021 1241 1049; x_wconf 89' lang='lat' dir='ltr'>non</span> <span class='ocrx_word' id='word_1_99' title='bbox 1285 1006 1447 1062; x_wconf 91' lang='lat' dir='ltr'>poterit</span> <span class='ocrx_word' id='word_1_100' title='bbox 1491 1020 1562 1048; x_wconf 89' lang='lat' dir='ltr'>eas</span> <span class='ocrx_word' id='word_1_101' title='bbox 1605 1005 1753 1047; x_wconf 88' lang='lat' dir='ltr'>statim</span> 
     </span>
     <span class='ocr_line' id='line_1_14' title="bbox 202 1075 1752 1136; baseline -0.006 -12"><span class='ocrx_word' id='word_1_102' title='bbox 202 1080 379 1136; x_wconf 90' lang='lat' dir='ltr'>imitari,</span> <span class='ocrx_word' id='word_1_103' title='bbox 420 1094 526 1136; x_wconf 88' lang='lat' dir='ltr'>quas</span> <span class='ocrx_word' id='word_1_104' title='bbox 564 1078 690 1120; x_wconf 91' lang='lat' dir='ltr'>modo</span> <span class='ocrx_word' id='word_1_105' title='bbox 728 1076 953 1134; x_wconf 88' lang='lat' dir='ltr'>cognovit:</span> <span class='ocrx_word' id='word_1_106' title='bbox 988 1075 1108 1118; x_wconf 62' lang='lat' dir='ltr'>&gt;nihil</span> <span class='ocrx_word' id='word_1_107' title='bbox 1145 1078 1211 1119; x_wconf 91' lang='lat' dir='ltr'>est</span> <span class='ocrx_word' id='word_1_108' title='bbox 1248 1075 1454 1119; x_wconf 89' lang='lat' dir='ltr'>eiusmodi</span> <span class='ocrx_word' id='word_1_109' title='bbox 1494 1076 1752 1131; x_wconf 87' lang='lat' dir='ltr'>argumento</span> 
     </span>
     <span class='ocr_line' id='line_1_15' title="bbox 203 1143 1750 1205; baseline -0.006 -12"><span class='ocrx_word' id='word_1_110' title='bbox 203 1149 443 1205; x_wconf 82' lang='lat' dir='ltr'>difficilius3</span> <span class='ocrx_word' id='word_1_111' title='bbox 475 1162 734 1204; x_wconf 86' lang='lat' dir='ltr'>quamquam</span> <span class='ocrx_word' id='word_1_112' title='bbox 762 1160 937 1202; x_wconf 90' lang='lat' dir='ltr'>prorsus</span> <span class='ocrx_word' id='word_1_113' title='bbox 973 1145 1151 1202; x_wconf 77' lang='lat' dir='ltr'>egregia</span> <span class='ocrx_word' id='word_1_114' title='bbox 1182 1147 1248 1188; x_wconf 90' lang='lat' dir='ltr'>est</span> <span class='ocrx_word' id='word_1_115' title='bbox 1276 1145 1325 1187; x_wconf 91' lang='lat' dir='ltr'>in</span> <span class='ocrx_word' id='word_1_116' title='bbox 1355 1144 1539 1188; x_wconf 80' lang='lat' dir='ltr'>Caesare</span> <span class='ocrx_word' id='word_1_117' title='bbox 1569 1143 1750 1197; x_wconf 84' lang='lat' dir='ltr'>indoles,</span> 
     </span>
     <span class='ocr_line' id='line_1_16' title="bbox 203 1212 1754 1271; baseline -0.006 -9"><span class='ocrx_word' id='word_1_118' title='bbox 203 1222 250 1262; x_wconf 93' lang='lat' dir='ltr'>in</span> <span class='ocrx_word' id='word_1_119' title='bbox 285 1218 437 1262; x_wconf 87' lang='lat' dir='ltr'>studiis</span> <span class='ocrx_word' id='word_1_120' title='bbox 475 1219 623 1260; x_wconf 87' lang='lat' dir='ltr'>tamen</span> <span class='ocrx_word' id='word_1_121' title='bbox 660 1215 888 1258; x_wconf 88' lang='lat' dir='ltr'>rhetoricis</span> <span class='ocrx_word' id='word_1_122' title='bbox 925 1214 996 1258; x_wconf 89' lang='lat' dir='ltr'>via</span> <span class='ocrx_word' id='word_1_123' title='bbox 1035 1216 1164 1271; x_wconf 88' lang='lat' dir='ltr'>atque</span> <span class='ocrx_word' id='word_1_124' title='bbox 1202 1214 1352 1256; x_wconf 91' lang='lat' dir='ltr'>ordine</span> <span class='ocrx_word' id='word_1_125' title='bbox 1389 1212 1754 1270; x_wconf 88' lang='lat' dir='ltr'>progrediendum</span> 
     </span>
     <span class='ocr_line' id='line_1_17' title="bbox 205 1281 1754 1343; baseline -0.005 -13"><span class='ocrx_word' id='word_1_126' title='bbox 205 1291 291 1343; x_wconf 88' lang='lat' dir='ltr'>est,</span> <span class='ocrx_word' id='word_1_127' title='bbox 331 1289 381 1329; x_wconf 91' lang='lat' dir='ltr'>ut</span> <span class='ocrx_word' id='word_1_128' title='bbox 415 1287 593 1329; x_wconf 88' lang='lat' dir='ltr'>tandem</span> <span class='ocrx_word' id='word_1_129' title='bbox 633 1285 685 1327; x_wconf 91' lang='lat' dir='ltr'>ad</span> <span class='ocrx_word' id='word_1_130' title='bbox 735 1299 943 1327; x_wconf 86' lang='lat' dir='ltr'>cacumen</span> <span class='ocrx_word' id='word_1_131' title='bbox 986 1283 1228 1340; x_wconf 88' lang='lat' dir='ltr'>pervenias.</span> <span class='ocrx_word' id='word_1_132' title='bbox 1292 1282 1489 1337; x_wconf 76' lang='lat' dir='ltr'>Scilicet,</span> <span class='ocrx_word' id='word_1_133' title='bbox 1538 1281 1574 1324; x_wconf 88' lang='lat' dir='ltr'>si</span> <span class='ocrx_word' id='word_1_134' title='bbox 1612 1281 1754 1323; x_wconf 91' lang='lat' dir='ltr'>locum</span> 
     </span>
     <span class='ocr_line' id='line_1_18' title="bbox 203 1350 1754 1411; baseline -0.005 -12"><span class='ocrx_word' id='word_1_135' title='bbox 203 1359 320 1399; x_wconf 87' lang='lat' dir='ltr'>recte</span> <span class='ocrx_word' id='word_1_136' title='bbox 357 1356 634 1411; x_wconf 89' lang='lat' dir='ltr'>interpretor,</span> <span class='ocrx_word' id='word_1_137' title='bbox 675 1354 775 1410; x_wconf 89' lang='lat' dir='ltr'>quia</span> <span class='ocrx_word' id='word_1_138' title='bbox 815 1353 974 1397; x_wconf 87' lang='lat' dir='ltr'>Caesar</span> <span class='ocrx_word' id='word_1_139' title='bbox 1012 1353 1201 1396; x_wconf 90' lang='lat' dir='ltr'>studiose</span> <span class='ocrx_word' id='word_1_140' title='bbox 1238 1352 1435 1394; x_wconf 88' lang='lat' dir='ltr'>imitatus</span> <span class='ocrx_word' id='word_1_141' title='bbox 1476 1353 1569 1393; x_wconf 88' lang='lat' dir='ltr'>erat</span> <span class='ocrx_word' id='word_1_142' title='bbox 1609 1350 1754 1392; x_wconf 88' lang='lat' dir='ltr'>omnia</span> 
     </span>
     <span class='ocr_line' id='line_1_19' title="bbox 203 1420 1754 1482; baseline -0.005 -14"><span class='ocrx_word' id='word_1_143' title='bbox 203 1441 312 1482; x_wconf 91' lang='lat' dir='ltr'>quae</span> <span class='ocrx_word' id='word_1_144' title='bbox 351 1426 477 1467; x_wconf 87' lang='lat' dir='ltr'>erant</span> <span class='ocrx_word' id='word_1_145' title='bbox 513 1424 560 1466; x_wconf 91' lang='lat' dir='ltr'>in</span> <span class='ocrx_word' id='word_1_146' title='bbox 598 1424 818 1466; x_wconf 89' lang='lat' dir='ltr'>Frontone</span> <span class='ocrx_word' id='word_1_147' title='bbox 855 1423 1064 1478; x_wconf 90' lang='lat' dir='ltr'>pessima,</span> <span class='ocrx_word' id='word_1_148' title='bbox 1110 1421 1224 1477; x_wconf 88' lang='lat' dir='ltr'>quod</span> <span class='ocrx_word' id='word_1_149' title='bbox 1261 1421 1451 1463; x_wconf 87' lang='lat' dir='ltr'>solemne</span> <span class='ocrx_word' id='word_1_150' title='bbox 1487 1420 1754 1462; x_wconf 88' lang='lat' dir='ltr'>imitatorum</span> 
     </span>
     <span class='ocr_line' id='line_1_20' title="bbox 202 1488 1750 1549; baseline -0.005 -12"><span class='ocrx_word' id='word_1_151' title='bbox 202 1495 357 1538; x_wconf 84' lang='lat' dir='ltr'>vitium</span> <span class='ocrx_word' id='word_1_152' title='bbox 387 1495 475 1548; x_wconf 88' lang='lat' dir='ltr'>est,</span> <span class='ocrx_word' id='word_1_153' title='bbox 516 1493 727 1549; x_wconf 87' lang='lat' dir='ltr'>magister</span> <span class='ocrx_word' id='word_1_154' title='bbox 757 1491 1000 1547; x_wconf 80' lang='lat' dir='ltr'>exhorruit,</span> <span class='ocrx_word' id='word_1_155' title='bbox 1040 1491 1162 1546; x_wconf 89' lang='lat' dir='ltr'>quasi</span> <span class='ocrx_word' id='word_1_156' title='bbox 1200 1506 1323 1533; x_wconf 90' lang='lat' dir='ltr'>suam</span> <span class='ocrx_word' id='word_1_157' title='bbox 1361 1489 1531 1532; x_wconf 87' lang='lat' dir='ltr'>simiam</span> <span class='ocrx_word' id='word_1_158' title='bbox 1560 1488 1750 1531; x_wconf 88' lang='lat' dir='ltr'>vidisset.</span> 
     </span>
     <span class='ocr_line' id='line_1_21' title="bbox 318 1557 1754 1618; baseline -0.005 -14"><span class='ocrx_word' id='word_1_159' title='bbox 318 1562 371 1604; x_wconf 91' lang='lat' dir='ltr'>In</span> <span class='ocrx_word' id='word_1_160' title='bbox 411 1561 593 1618; x_wconf 87' lang='lat' dir='ltr'>epistola</span> <span class='ocrx_word' id='word_1_161' title='bbox 630 1561 685 1617; x_wconf 92' lang='lat' dir='ltr'>V,</span> <span class='ocrx_word' id='word_1_162' title='bbox 722 1561 782 1604; x_wconf 92' lang='lat'>44</span> <span class='ocrx_word' id='word_1_163' title='bbox 824 1560 988 1603; x_wconf 84' lang='lat' dir='ltr'>Fronto</span> <span class='ocrx_word' id='word_1_164' title='bbox 1027 1560 1256 1603; x_wconf 88' lang='lat' dir='ltr'>Caesarem</span> <span class='ocrx_word' id='word_1_165' title='bbox 1296 1560 1521 1601; x_wconf 85' lang='lat' dir='ltr'>certiorem</span> <span class='ocrx_word' id='word_1_166' title='bbox 1564 1557 1673 1599; x_wconf 84' lang='lat' dir='ltr'>facit</span> <span class='ocrx_word' id='word_1_167' title='bbox 1709 1571 1754 1598; x_wconf 86' lang='lat' dir='ltr'>se</span> 
     </span>
     <span class='ocr_line' id='line_1_22' title="bbox 206 1625 1756 1689; baseline -0.005 -15"><span class='ocrx_word' id='word_1_168' title='bbox 206 1625 451 1689; x_wconf 77' lang='lat' dir='ltr'>aegrotare3</span> <span class='ocrx_word' id='word_1_169' title='bbox 488 1631 535 1672; x_wconf 89' lang='lat' dir='ltr'>in</span> <span class='ocrx_word' id='word_1_170' title='bbox 567 1645 617 1672; x_wconf 91' lang='lat' dir='ltr'>ea</span> <span class='ocrx_word' id='word_1_171' title='bbox 655 1645 701 1672; x_wconf 91' lang='lat' dir='ltr'>re</span> <span class='ocrx_word' id='word_1_172' title='bbox 739 1630 877 1672; x_wconf 89' lang='lat' dir='ltr'>utitur</span> <span class='ocrx_word' id='word_1_173' title='bbox 914 1629 1044 1672; x_wconf 89' lang='lat' dir='ltr'>verbo</span> <span class='ocrx_word' id='word_1_174' title='bbox 1081 1629 1267 1684; x_wconf 89' lang='lat' dir='ltr'>quodam</span> <span class='ocrx_word' id='word_1_175' title='bbox 1297 1627 1472 1682; x_wconf 75' lang='lat' dir='ltr'>Lucilii3</span> <span class='ocrx_word' id='word_1_176' title='bbox 1511 1626 1641 1668; x_wconf 91' lang='lat' dir='ltr'>nimis</span> <span class='ocrx_word' id='word_1_177' title='bbox 1689 1627 1756 1667; x_wconf 89' lang='lat' dir='ltr'>est</span> 
     </span>
     <span class='ocr_line' id='line_1_23' title="bbox 203 1694 1751 1753; baseline -0.005 -10"><span class='ocrx_word' id='word_1_178' title='bbox 203 1700 434 1743; x_wconf 87' lang='lat' dir='ltr'>ridiculum</span> <span class='ocrx_word' id='word_1_179' title='bbox 471 1699 698 1743; x_wconf 88' lang='lat' dir='ltr'>Caesarem</span> <span class='ocrx_word' id='word_1_180' title='bbox 736 1699 881 1741; x_wconf 86' lang='lat' dir='ltr'>videre</span> <span class='ocrx_word' id='word_1_181' title='bbox 919 1698 973 1753; x_wconf 93' lang='lat' dir='ltr'>V,</span> <span class='ocrx_word' id='word_1_182' title='bbox 1005 1697 1085 1753; x_wconf 96' lang='lat'>45,</span> <span class='ocrx_word' id='word_1_183' title='bbox 1128 1697 1201 1752; x_wconf 84' lang='lat' dir='ltr'>qui</span> <span class='ocrx_word' id='word_1_184' title='bbox 1230 1696 1312 1738; x_wconf 92' lang='lat' dir='ltr'>hoc</span> <span class='ocrx_word' id='word_1_185' title='bbox 1348 1710 1438 1738; x_wconf 89' lang='lat' dir='ltr'>non</span> <span class='ocrx_word' id='word_1_186' title='bbox 1474 1694 1751 1737; x_wconf 84' lang='lat' dir='ltr'>intellexerit.</span> 
     </span>
     <span class='ocr_line' id='line_1_24' title="bbox 204 1763 1755 1826; baseline -0.005 -14"><span class='ocrx_word' id='word_1_187' title='bbox 204 1769 407 1826; x_wconf 85' lang='lat' dir='ltr'>Legimus</span> <span class='ocrx_word' id='word_1_188' title='bbox 463 1770 689 1824; x_wconf 90' lang='lat' dir='ltr'>praeterea</span> <span class='ocrx_word' id='word_1_189' title='bbox 735 1766 1082 1822; x_wconf 86' lang='lat' dir='ltr'>adpropinquare</span> <span class='ocrx_word' id='word_1_190' title='bbox 1128 1766 1302 1821; x_wconf 87' lang='lat' dir='ltr'>partum</span> <span class='ocrx_word' id='word_1_191' title='bbox 1356 1763 1591 1806; x_wconf 89' lang='lat' dir='ltr'>Faustinae</span> <span class='ocrx_word' id='word_1_192' title='bbox 1647 1764 1755 1805; x_wconf 91' lang='lat' dir='ltr'>tunc</span> 
     </span>
     <span class='ocr_line' id='line_1_25' title="bbox 204 1832 1754 1895; baseline -0.005 -14"><span class='ocrx_word' id='word_1_193' title='bbox 204 1839 345 1895; x_wconf 87' lang='lat' dir='ltr'>prima</span> <span class='ocrx_word' id='word_1_194' title='bbox 384 1838 475 1880; x_wconf 88' lang='lat' dir='ltr'>vice</span> <span class='ocrx_word' id='word_1_195' title='bbox 514 1836 733 1893; x_wconf 84' lang='lat' dir='ltr'>gravidae.</span> <span class='ocrx_word' id='word_1_196' title='bbox 795 1835 905 1878; x_wconf 85' lang='lat' dir='ltr'>Erat</span> <span class='ocrx_word' id='word_1_197' title='bbox 940 1834 1256 1877; x_wconf 86' lang='lat' dir='ltr'>vindemiarum</span> <span class='ocrx_word' id='word_1_198' title='bbox 1292 1835 1464 1888; x_wconf 90' lang='lat' dir='ltr'>tempus</span> <span class='ocrx_word' id='word_1_199' title='bbox 1511 1834 1555 1875; x_wconf 90' lang='lat' dir='ltr'>et</span> <span class='ocrx_word' id='word_1_200' title='bbox 1591 1832 1754 1874; x_wconf 89' lang='lat' dir='ltr'>Fronto</span> 
     </span>
     <span class='ocr_line' id='line_1_26' title="bbox 141 1900 1756 1963; baseline -0.006 -13"><span class='ocrx_word' id='word_1_201' title='bbox 141 1915 145 1918; x_wconf 74' lang='grc'><em>’</em></span> <span class='ocrx_word' id='word_1_202' title='bbox 204 1908 252 1950; x_wconf 92' lang='lat' dir='ltr'>in</span> <span class='ocrx_word' id='word_1_203' title='bbox 282 1906 607 1963; x_wconf 86' lang='lat' dir='ltr'>imperatoriam</span> <span class='ocrx_word' id='word_1_204' title='bbox 636 1904 784 1947; x_wconf 89' lang='lat' dir='ltr'>villam</span> <span class='ocrx_word' id='word_1_205' title='bbox 815 1904 1087 1960; x_wconf 90' lang='lat' dir='ltr'>profecturus</span> <span class='ocrx_word' id='word_1_206' title='bbox 1118 1905 1225 1958; x_wconf 90' lang='lat' dir='ltr'>erat,</span> <span class='ocrx_word' id='word_1_207' title='bbox 1259 1917 1355 1945; x_wconf 86' lang='lat' dir='ltr'>cum</span> <span class='ocrx_word' id='word_1_208' title='bbox 1384 1902 1543 1943; x_wconf 89' lang='lat' dir='ltr'>iterum</span> <span class='ocrx_word' id='word_1_209' title='bbox 1573 1900 1756 1943; x_wconf 90' lang='lat' dir='ltr'>sentiret</span> 
     </span>
     <span class='ocr_line' id='line_1_27' title="bbox 205 1969 1756 2033; baseline -0.005 -15"><span class='ocrx_word' id='word_1_210' title='bbox 205 1991 344 2033; x_wconf 85' lang='lat' dir='ltr'>genus</span> <span class='ocrx_word' id='word_1_211' title='bbox 375 1975 563 2017; x_wconf 90' lang='lat' dir='ltr'>dolorem</span> <span class='ocrx_word' id='word_1_212' title='bbox 593 1974 648 2030; x_wconf 93' lang='lat' dir='ltr'>V,</span> <span class='ocrx_word' id='word_1_213' title='bbox 679 1974 750 2016; x_wconf 86' lang='lat'>46.</span> <span class='ocrx_word' id='word_1_214' title='bbox 789 1973 1041 2029; x_wconf 87' lang='lat' dir='ltr'>Respondet</span> <span class='ocrx_word' id='word_1_215' title='bbox 1062 1971 1220 2015; x_wconf 88' lang='lat' dir='ltr'>Caesar</span> <span class='ocrx_word' id='word_1_216' title='bbox 1250 1971 1298 2013; x_wconf 91' lang='lat' dir='ltr'>in</span> <span class='ocrx_word' id='word_1_217' title='bbox 1328 1970 1453 2025; x_wconf 88' lang='lat' dir='ltr'>epist.</span> <span class='ocrx_word' id='word_1_218' title='bbox 1485 1969 1540 2025; x_wconf 90' lang='lat' dir='ltr'>V,</span> <span class='ocrx_word' id='word_1_219' title='bbox 1572 1969 1642 2024; x_wconf 84' lang='lat'>47,</span> <span class='ocrx_word' id='word_1_220' title='bbox 1675 1983 1756 2010; x_wconf 87' lang='lat' dir='ltr'>nec</span> 
     </span>
     <span class='ocr_line' id='line_1_28' title="bbox 204 2039 1762 2101; baseline -0.005 -14"><span class='ocrx_word' id='word_1_221' title='bbox 204 2046 297 2101; x_wconf 85' lang='lat' dir='ltr'>ipse</span> <span class='ocrx_word' id='word_1_222' title='bbox 328 2044 434 2087; x_wconf 89' lang='lat' dir='ltr'>satis</span> <span class='ocrx_word' id='word_1_223' title='bbox 463 2043 645 2086; x_wconf 90' lang='lat' dir='ltr'>validus.</span> <span class='ocrx_word' id='word_1_224' title='bbox 707 2042 855 2085; x_wconf 87' lang='lat' dir='ltr'>Tertia</span> <span class='ocrx_word' id='word_1_225' title='bbox 894 2044 938 2084; x_wconf 93' lang='lat' dir='ltr'>et</span> <span class='ocrx_word' id='word_1_226' title='bbox 968 2043 1124 2098; x_wconf 88' lang='lat' dir='ltr'>quarta</span> <span class='ocrx_word' id='word_1_227' title='bbox 1160 2041 1253 2083; x_wconf 90' lang='lat' dir='ltr'>vice</span> <span class='ocrx_word' id='word_1_228' title='bbox 1283 2039 1446 2082; x_wconf 89' lang='lat' dir='ltr'>Fronto</span> <span class='ocrx_word' id='word_1_229' title='bbox 1482 2040 1683 2095; x_wconf 87' lang='lat' dir='ltr'>aegrotat</span> <span class='ocrx_word' id='word_1_230' title='bbox 1713 2039 1762 2079; x_wconf 88' lang='lat' dir='ltr'>et</span> 
     </span>
     <span class='ocr_line' id='line_1_29' title="bbox 206 2106 1757 2167; baseline -0.006 -11"><span class='ocrx_word' id='word_1_231' title='bbox 206 2114 366 2158; x_wconf 87' lang='lat' dir='ltr'>Caesar</span> <span class='ocrx_word' id='word_1_232' title='bbox 395 2113 596 2155; x_wconf 89' lang='lat' dir='ltr'>rescribit</span> <span class='ocrx_word' id='word_1_233' title='bbox 625 2111 680 2167; x_wconf 94' lang='lat' dir='ltr'>V,</span> <span class='ocrx_word' id='word_1_234' title='bbox 713 2112 783 2154; x_wconf 88' lang='grc'>48.</span> <span class='ocrx_word' id='word_1_235' title='bbox 815 2111 886 2153; x_wconf 82' lang='grc'>49.</span> <span class='ocrx_word' id='word_1_236' title='bbox 919 2111 988 2153; x_wconf 82' lang='lat'>50.</span> <span class='ocrx_word' id='word_1_237' title='bbox 1021 2110 1091 2153; x_wconf 82' lang='lat'>51.</span> <span class='ocrx_word' id='word_1_238' title='bbox 1130 2109 1306 2165; x_wconf 90' lang='lat' dir='ltr'>Peperit</span> <span class='ocrx_word' id='word_1_239' title='bbox 1335 2107 1547 2150; x_wconf 85' lang='lat' dir='ltr'>Faustina</span> <span class='ocrx_word' id='word_1_240' title='bbox 1578 2109 1621 2149; x_wconf 86' lang='lat' dir='ltr'>et</span> <span class='ocrx_word' id='word_1_241' title='bbox 1650 2106 1757 2149; x_wconf 91' lang='lat' dir='ltr'>vidit</span> 
     </span>
     <span class='ocr_line' id='line_1_30' title="bbox 206 2175 1663 2236; baseline -0.005 -12"><span class='ocrx_word' id='word_1_242' title='bbox 206 2182 370 2225; x_wconf 86' lang='lat' dir='ltr'>Fronto</span> <span class='ocrx_word' id='word_1_243' title='bbox 399 2181 631 2236; x_wconf 86' lang='lat' dir='ltr'>infantem,</span> <span class='ocrx_word' id='word_1_244' title='bbox 664 2180 719 2235; x_wconf 90' lang='lat' dir='ltr'>V,</span> <span class='ocrx_word' id='word_1_245' title='bbox 752 2179 822 2235; x_wconf 73' lang='lat'>52,</span> <span class='ocrx_word' id='word_1_246' title='bbox 855 2179 969 2235; x_wconf 92' lang='lat' dir='ltr'>quod</span> <span class='ocrx_word' id='word_1_247' title='bbox 1000 2178 1174 2222; x_wconf 88' lang='lat' dir='ltr'>Caesari</span> <span class='ocrx_word' id='word_1_248' title='bbox 1205 2179 1380 2234; x_wconf 86' lang='lat' dir='ltr'>gratum</span> <span class='ocrx_word' id='word_1_249' title='bbox 1410 2178 1476 2219; x_wconf 85' lang='lat' dir='ltr'>est</span> <span class='ocrx_word' id='word_1_250' title='bbox 1506 2175 1560 2231; x_wconf 93' lang='lat' dir='ltr'>V,</span> <span class='ocrx_word' id='word_1_251' title='bbox 1593 2175 1663 2218; x_wconf 85' lang='lat'>53.</span> 
     </span>
     <span class='ocr_line' id='line_1_31' title="bbox 319 2244 1756 2302; baseline -0.006 -9"><span class='ocrx_word' id='word_1_252' title='bbox 319 2249 417 2293; x_wconf 88' lang='lat' dir='ltr'>Nisi</span> <span class='ocrx_word' id='word_1_253' title='bbox 448 2250 596 2292; x_wconf 87' lang='lat' dir='ltr'>tenuia</span> <span class='ocrx_word' id='word_1_254' title='bbox 627 2249 788 2291; x_wconf 84' lang='lat' dir='ltr'>indicia</span> <span class='ocrx_word' id='word_1_255' title='bbox 819 2263 887 2290; x_wconf 92' lang='lat' dir='ltr'>me</span> <span class='ocrx_word' id='word_1_256' title='bbox 919 2247 1095 2302; x_wconf 89' lang='lat' dir='ltr'>fallunt,</span> <span class='ocrx_word' id='word_1_257' title='bbox 1138 2247 1287 2289; x_wconf 89' lang='lat' dir='ltr'>eodem</span> <span class='ocrx_word' id='word_1_258' title='bbox 1316 2246 1407 2288; x_wconf 86' lang='lat' dir='ltr'>fere</span> <span class='ocrx_word' id='word_1_259' title='bbox 1435 2247 1641 2300; x_wconf 88' lang='lat' dir='ltr'>tempore,</span> <span class='ocrx_word' id='word_1_260' title='bbox 1682 2244 1756 2286; x_wconf 86' lang='lat' dir='ltr'>sed</span> 
     </span>
     <span class='ocr_line' id='line_1_32' title="bbox 207 2312 1756 2376; baseline -0.005 -15"><span class='ocrx_word' id='word_1_261' title='bbox 207 2319 335 2376; x_wconf 88' lang='lat' dir='ltr'>paulo</span> <span class='ocrx_word' id='word_1_262' title='bbox 365 2320 477 2374; x_wconf 89' lang='lat' dir='ltr'>post,</span> <span class='ocrx_word' id='word_1_263' title='bbox 519 2318 682 2374; x_wconf 89' lang='lat' dir='ltr'>scripta</span> <span class='ocrx_word' id='word_1_264' title='bbox 712 2317 798 2360; x_wconf 86' lang='lat' dir='ltr'>fuit</span> <span class='ocrx_word' id='word_1_265' title='bbox 828 2317 1023 2360; x_wconf 89' lang='lat' dir='ltr'>Caesaris</span> <span class='ocrx_word' id='word_1_266' title='bbox 1055 2315 1237 2372; x_wconf 87' lang='lat' dir='ltr'>epistola</span> <span class='ocrx_word' id='word_1_267' title='bbox 1266 2314 1343 2370; x_wconf 90' lang='lat' dir='ltr'>IV,</span> <span class='ocrx_word' id='word_1_268' title='bbox 1377 2315 1436 2360; x_wconf 82' lang='grc'>8.,</span> <span class='ocrx_word' id='word_1_269' title='bbox 1469 2313 1673 2356; x_wconf 90' lang='lat' dir='ltr'>Nondum</span> <span class='ocrx_word' id='word_1_270' title='bbox 1703 2312 1756 2353; x_wconf 88' lang='lat' dir='ltr'>ad</span> 
     </span>
     <span class='ocr_line' id='line_1_33' title="bbox 206 2383 1755 2443; baseline -0.006 -13"><span class='ocrx_word' id='word_1_271' title='bbox 206 2388 353 2430; x_wconf 88' lang='lat' dir='ltr'>villam</span> <span class='ocrx_word' id='word_1_272' title='bbox 372 2387 536 2429; x_wconf 91' lang='lat' dir='ltr'>Fronto</span> <span class='ocrx_word' id='word_1_273' title='bbox 556 2386 772 2443; x_wconf 89' lang='lat' dir='ltr'>proficisci</span> <span class='ocrx_word' id='word_1_274' title='bbox 792 2386 935 2442; x_wconf 88' lang='lat' dir='ltr'>potuit</span> <span class='ocrx_word' id='word_1_275' title='bbox 956 2388 1000 2428; x_wconf 89' lang='lat' dir='ltr'>et</span> <span class='ocrx_word' id='word_1_276' title='bbox 1021 2385 1180 2428; x_wconf 86' lang='lat' dir='ltr'>Caesar</span> <span class='ocrx_word' id='word_1_277' title='bbox 1200 2398 1367 2440; x_wconf 86' lang='lat' dir='ltr'>quoque</span> <span class='ocrx_word' id='word_1_278' title='bbox 1389 2383 1580 2439; x_wconf 87' lang='lat' dir='ltr'>graviter</span> <span class='ocrx_word' id='word_1_279' title='bbox 1608 2395 1755 2438; x_wconf 83' lang='lat' dir='ltr'>aegro-</span> 
     </span>
     <span class='ocr_line' id='line_1_34' title="bbox 207 2449 1756 2510; baseline -0.006 -12"><span class='ocrx_word' id='word_1_280' title='bbox 207 2456 343 2510; x_wconf 85' lang='lat' dir='ltr'>tavit,</span> <span class='ocrx_word' id='word_1_281' title='bbox 397 2455 517 2498; x_wconf 90' lang='lat' dir='ltr'>cuius</span> <span class='ocrx_word' id='word_1_282' title='bbox 570 2455 863 2498; x_wconf 87' lang='lat' dir='ltr'>valetudinem</span> <span class='ocrx_word' id='word_1_283' title='bbox 899 2454 1024 2496; x_wconf 89' lang='lat' dir='ltr'>modo</span> <span class='ocrx_word' id='word_1_284' title='bbox 1074 2454 1121 2495; x_wconf 91' lang='lat' dir='ltr'>in</span> <span class='ocrx_word' id='word_1_285' title='bbox 1161 2452 1345 2508; x_wconf 91' lang='lat' dir='ltr'>epistola</span> <span class='ocrx_word' id='word_1_286' title='bbox 1380 2451 1442 2506; x_wconf 94' lang='lat' dir='ltr'>V,</span> <span class='ocrx_word' id='word_1_287' title='bbox 1478 2451 1532 2492; x_wconf 82' lang='lat'>47</span> <span class='ocrx_word' id='word_1_288' title='bbox 1584 2449 1756 2491; x_wconf 87' lang='lat' dir='ltr'>videba-</span> 
     </span>
     <span class='ocr_line' id='line_1_35' title="bbox 208 2518 1756 2575; baseline -0.006 -8"><span class='ocrx_word' id='word_1_289' title='bbox 208 2540 302 2567; x_wconf 91' lang='lat' dir='ltr'>mus</span> <span class='ocrx_word' id='word_1_290' title='bbox 333 2526 437 2566; x_wconf 90' lang='lat' dir='ltr'>tunc</span> <span class='ocrx_word' id='word_1_291' title='bbox 468 2538 556 2566; x_wconf 87' lang='lat' dir='ltr'>non</span> <span class='ocrx_word' id='word_1_292' title='bbox 586 2523 691 2566; x_wconf 90' lang='lat' dir='ltr'>satis</span> <span class='ocrx_word' id='word_1_293' title='bbox 721 2524 891 2566; x_wconf 90' lang='lat' dir='ltr'>firmam</span> <span class='ocrx_word' id='word_1_294' title='bbox 928 2522 1075 2564; x_wconf 88' lang='lat' dir='ltr'>fuisse.</span> <span class='ocrx_word' id='word_1_295' title='bbox 1137 2521 1255 2571; x_wconf 82' lang='lat' dir='ltr'>Quae</span> <span class='ocrx_word' id='word_1_296' title='bbox 1293 2519 1487 2575; x_wconf 82' lang='lat' dir='ltr'>sequitur</span> <span class='ocrx_word' id='word_1_297' title='bbox 1524 2518 1756 2559; x_wconf 81' lang='lat' dir='ltr'>Frontonis</span> 
     </span>
     <span class='ocr_line' id='line_1_36' title="bbox 209 2586 1756 2649; baseline -0.005 -14"><span class='ocrx_word' id='word_1_298' title='bbox 209 2592 391 2649; x_wconf 87' lang='lat' dir='ltr'>epistola</span> <span class='ocrx_word' id='word_1_299' title='bbox 428 2591 503 2647; x_wconf 90' lang='lat' dir='ltr'>IV,</span> <span class='ocrx_word' id='word_1_300' title='bbox 537 2592 577 2646; x_wconf 84' lang='lat'>9,</span> <span class='ocrx_word' id='word_1_301' title='bbox 617 2591 665 2634; x_wconf 86' lang='lat' dir='ltr'>in</span> <span class='ocrx_word' id='word_1_302' title='bbox 704 2607 755 2633; x_wconf 89' lang='lat' dir='ltr'>ea</span> <span class='ocrx_word' id='word_1_303' title='bbox 790 2607 879 2633; x_wconf 88' lang='lat' dir='ltr'>non</span> <span class='ocrx_word' id='word_1_304' title='bbox 917 2591 1150 2646; x_wconf 89' lang='lat' dir='ltr'>respondet</span> <span class='ocrx_word' id='word_1_305' title='bbox 1188 2591 1243 2632; x_wconf 90' lang='lat' dir='ltr'>ad</span> <span class='ocrx_word' id='word_1_306' title='bbox 1280 2588 1521 2643; x_wconf 86' lang='lat' dir='ltr'>superiores</span> <span class='ocrx_word' id='word_1_307' title='bbox 1561 2586 1756 2629; x_wconf 88' lang='lat' dir='ltr'>Caesaris</span> 
     </span>
     <span class='ocr_line' id='line_1_37' title="bbox 207 2656 1757 2717; baseline -0.005 -13"><span class='ocrx_word' id='word_1_308' title='bbox 207 2662 390 2717; x_wconf 85' lang='lat' dir='ltr'>litteras,</span> <span class='ocrx_word' id='word_1_309' title='bbox 430 2660 504 2703; x_wconf 90' lang='lat' dir='ltr'>sed</span> <span class='ocrx_word' id='word_1_310' title='bbox 544 2660 598 2702; x_wconf 91' lang='lat' dir='ltr'>ad</span> <span class='ocrx_word' id='word_1_311' title='bbox 635 2659 743 2702; x_wconf 89' lang='lat' dir='ltr'>alias</span> <span class='ocrx_word' id='word_1_312' title='bbox 783 2674 893 2715; x_wconf 88' lang='lat' dir='ltr'>quae</span> <span class='ocrx_word' id='word_1_313' title='bbox 931 2659 1168 2715; x_wconf 89' lang='lat' dir='ltr'>perierunt.</span> <span class='ocrx_word' id='word_1_314' title='bbox 1229 2656 1370 2699; x_wconf 91' lang='lat' dir='ltr'>Homo</span> <span class='ocrx_word' id='word_1_315' title='bbox 1408 2656 1538 2698; x_wconf 90' lang='lat' dir='ltr'>miser</span> <span class='ocrx_word' id='word_1_316' title='bbox 1578 2658 1757 2698; x_wconf 88' lang='lat' dir='ltr'>vexatur</span> 
     </span>
     <span class='ocr_line' id='line_1_38' title="bbox 208 2725 1756 2784; baseline -0.005 -12"><span class='ocrx_word' id='word_1_317' title='bbox 208 2731 377 2772; x_wconf 89' lang='lat' dir='ltr'>humeri</span> <span class='ocrx_word' id='word_1_318' title='bbox 398 2729 554 2775; x_wconf 86' lang='lat' dir='ltr'>dolore.</span> <span class='ocrx_word' id='word_1_319' title='bbox 595 2728 817 2784; x_wconf 88' lang='lat' dir='ltr'>Epistolae</span> <span class='ocrx_word' id='word_1_320' title='bbox 833 2727 910 2783; x_wconf 90' lang='lat' dir='ltr'>IV,</span> <span class='ocrx_word' id='word_1_321' title='bbox 934 2729 987 2770; x_wconf 86' lang='lat'>10</span> <span class='ocrx_word' id='word_1_322' title='bbox 1015 2742 1105 2781; x_wconf 83' lang='lat' dir='ltr'>non</span> <span class='ocrx_word' id='word_1_323' title='bbox 1134 2726 1221 2769; x_wconf 89' lang='lat' dir='ltr'>nisi</span> <span class='ocrx_word' id='word_1_324' title='bbox 1250 2740 1431 2781; x_wconf 87' lang='lat' dir='ltr'>parvum</span> <span class='ocrx_word' id='word_1_325' title='bbox 1460 2725 1756 2780; x_wconf 84' lang='lat' dir='ltr'>fragmentum</span> 
     </span>
     <span class='ocr_line' id='line_1_39' title="bbox 211 2793 1756 2853; baseline -0.005 -11"><span class='ocrx_word' id='word_1_326' title='bbox 211 2800 427 2842; x_wconf 83' lang='lat' dir='ltr'>servatum</span> <span class='ocrx_word' id='word_1_327' title='bbox 466 2800 555 2850; x_wconf 79' lang='lat' dir='ltr'>est,</span> <span class='ocrx_word' id='word_1_328' title='bbox 608 2796 720 2853; x_wconf 89' lang='lat' dir='ltr'>quod</span> <span class='ocrx_word' id='word_1_329' title='bbox 766 2798 913 2838; x_wconf 89' lang='lat' dir='ltr'>tamen</span> <span class='ocrx_word' id='word_1_330' title='bbox 960 2795 1162 2838; x_wconf 90' lang='lat' dir='ltr'>collatum</span> <span class='ocrx_word' id='word_1_331' title='bbox 1212 2809 1309 2837; x_wconf 92' lang='lat' dir='ltr'>cum</span> <span class='ocrx_word' id='word_1_332' title='bbox 1348 2793 1403 2849; x_wconf 94' lang='lat' dir='ltr'>V,</span> <span class='ocrx_word' id='word_1_333' title='bbox 1443 2793 1499 2836; x_wconf 83' lang='lat'>53</span> <span class='ocrx_word' id='word_1_334' title='bbox 1545 2793 1756 2835; x_wconf 88' lang='lat' dir='ltr'>indicabit</span> 
     </span>
     <span class='ocr_line' id='line_1_40' title="bbox 210 2861 1755 2922; baseline -0.004 -13"><span class='ocrx_word' id='word_1_335' title='bbox 210 2866 444 2909; x_wconf 81' lang='lat' dir='ltr'>Frontonis</span> <span class='ocrx_word' id='word_1_336' title='bbox 474 2866 622 2922; x_wconf 87' lang='lat' dir='ltr'>filiam,</span> <span class='ocrx_word' id='word_1_337' title='bbox 657 2866 853 2908; x_wconf 84' lang='lat' dir='ltr'>Gratiam</span> <span class='ocrx_word' id='word_1_338' title='bbox 883 2864 1110 2919; x_wconf 90' lang='lat' dir='ltr'>minorem,</span> <span class='ocrx_word' id='word_1_339' title='bbox 1150 2864 1300 2906; x_wconf 90' lang='lat' dir='ltr'>eadem</span> <span class='ocrx_word' id='word_1_340' title='bbox 1328 2863 1419 2906; x_wconf 87' lang='lat' dir='ltr'>fere</span> <span class='ocrx_word' id='word_1_341' title='bbox 1451 2864 1592 2904; x_wconf 89' lang='lat' dir='ltr'>aetate</span> <span class='ocrx_word' id='word_1_342' title='bbox 1623 2861 1755 2904; x_wconf 88' lang='lat' dir='ltr'>fuisse</span> 
     </span>
    </p>
   </div>
  </div>
 </body>
</html>
