1968 3158
439 159 505 198 AD
529 159 578 198 M.
598 158 855 199 CAESAREM
879 160 942 199 ΕΤ
968 159 1172 199 INVICEM
1195 160 1340 199 LIBER
1364 160 1445 199 1111.
1668 162 1723 207 63

297 277 382 321 Hic
412 280 459 321 tu
488 279 673 322 fortasse
694 279 929 322 iandudum
951 279 1156 336 requiraS,
1189 294 1273 336 quo
1303 280 1349 322 in
1379 293 1556 322 numero
1586 278 1723 322 locem

182 347 241 393 M.
273 347 476 403 Tullium,
509 348 582 403 qui
615 350 746 405 caput
775 351 903 404 atque
939 349 1038 391 fons
1068 364 1271 391 romanae
1309 348 1538 391 facundiae
1570 348 1720 390 cluet³.

182 415 296 458 Eum
328 430 408 473 ego
440 416 628 458 arbitror
657 431 960 474 usquequaque
999 418 1139 460 verbis
1170 416 1469 473 pulcherrimis
1508 416 1722 459 elocutum

183 486 227 527 et
257 487 357 527 ante
388 485 527 527 omnis
558 485 663 528 alios
694 487 884 528 oratores
915 486 969 528 ad
999 501 1062 541 ea,
1096 501 1204 542 quae
1234 488 1452 528 ostentare
1482 486 1624 541 vellet,
1658 500 1722 527 or—

182 553 327 612 nanda
365 554 647 610 magnificum
683 554 832 596 fuisse.
901 553 1064 597 Verum
1101 554 1137 597 is
1174 554 1282 597 mihi
1320 555 1489 597 videtur
1533 570 1557 596 a
1595 569 1721 610 quae-

181 622 326 664 rendis
354 622 658 678 *scrupulosius
710 622 850 665 verbis
894 622 1044 678 procul
1095 623 1254 665 afuisse
1307 623 1374 665 vel
1420 623 1721 680 magnitudine

182 691 330 746 animi,
364 690 431 734 vel
460 691 568 747 fuga
597 690 770 746 laboris,
817 690 885 733 vel
922 691 1078 734 fiducia
1090 692 1123 746 b,
1170 706 1260 734 non
1290 693 1535 747 quaerenti¹
1589 692 1721 734 etiam

181 759 277 814 sibi,
316 773 425 815 quae
464 759 536 801 vix
575 758 670 801 aliis
697 759 1017 815 quaerentibus
1054 760 1347 816 subvenirent,
1395 763 1568 817 praesto
1601 760 1720 802 adfu-

180 834 290 870 tura.
350 827 503 883 Itaque
551 828 795 884 conperisse
832 828 998 883 videor,
1047 830 1096 870 ut
1134 829 1207 884 qui
1245 829 1336 871 eius
1373 830 1536 885 scripta
1575 829 1720 871 omnia

180 896 488 939 studiosissime
518 896 765 951 lectitarim,
808 898 950 939 cetera
990 911 1088 939 eum
1118 911 1279 953 genera
1316 898 1543 940 verborum
1581 898 1720 953 copio-

180 964 346 1007 sissime
375 965 673 1021 uberrimeque
703 967 930 1021 tractasse,
963 966 1094 1008 verba
1123 966 1313 1022 propria,
1354 966 1581 1021 translata,
1623 966 1720 1008 sim-

179 1032 323 1089 plicia,
367 1034 603 1090 conposita,
652 1036 695 1076 et
738 1049 847 1090 quae
885 1035 933 1077 in
972 1035 1062 1086 eius
1107 1035 1280 1077 scribtis
1315 1035 1471 1091 ubique
1514 1035 1718 1089 dilucent,

181 1102 312 1144 verba
341 1102 537 1158 honesta,
579 1117 886 1158 saepenumero
917 1103 1048 1146 etiam
1079 1118 1279 1146 amoena:
1311 1118 1439 1159 quom
1483 1105 1631 1145 tamen
1674 1104 1721 1145 in

180 1170 378 1213 omnibus
418 1171 509 1213 eius
548 1171 815 1214 orationibus
853 1172 1114 1227 paucissima
1152 1172 1379 1214 admodum
1423 1172 1612 1228 reperias
1656 1172 1720 1213 in-

180 1241 353 1295 sperata
384 1240 520 1295 adque
549 1240 777 1295 inopinata
806 1240 950 1296 verba,
992 1256 1101 1296 quae
1135 1241 1312 1284 nonnisi
1352 1255 1449 1283 cum
1479 1240 1620 1283 studio
1658 1243 1720 1282 at-

179 1322 262 1363 que
293 1322 394 1350 cura
425 1309 554 1363 atque
583 1307 735 1364 vigilia
766 1309 902 1365 adque
932 1309 1095 1352 multa2
1125 1312 1319 1352 veterum
1359 1310 1600 1352 carminum
1635 1324 1721 1351 me-

179 1377 315 1427 moria
360 1376 639 1432 indagantur.
672 1376 704 1434 13
733 1376 1010 1433 Insperatum
1055 1380 1199 1420 autem
1239 1378 1402 1434 adque⁴
1447 1379 1721 1434 inopinatum

181 1459 279 1487 vero
309 1444 492 1501 appello,
525 1445 638 1501 quod
667 1447 839 1501 praeter
869 1461 989 1502 spem
1020 1449 1148 1503 atque
1179 1447 1430 1503 opinionem
1454 1447 1721 1489 audientium

180 1516 255 1555 aut
283 1513 523 1570 legentium
564 1514 797 1569 promitur:
828 1515 890 1557 ita
920 1517 970 1557 ut
999 1516 1035 1557 si
1066 1515 1310 1570 subtrahas,
1353 1516 1489 1571 adque
1521 1530 1618 1557 eum
1648 1516 1721 1570 qui

179 1580 299 1637 legat
335 1597 540 1637 quaerere
585 1583 727 1638 ipsum
764 1583 936 1639 iubeas,
986 1586 1062 1626 aut
1105 1583 1272 1626 nullum
1319 1586 1394 1626 aut
1434 1598 1522 1627 non
1559 1584 1622 1626 ita
1667 1584 1721 1625 ad

179 1649 514 1706 significandum
545 1651 940 1694 adcommodatum
972 1652 1151 1694 verbum
1182 1652 1298 1694 aliud
1327 1653 1528 1707 reperiat.
1580 1651 1719 1702 Quam

179 1718 234 1760 ob
250 1718 266 1744 ⁶
296 1714 387 1760 rem
416 1721 460 1760 te
491 1733 651 1776 magno
682 1734 810 1775 opere
851 1720 1074 1775 conlaudo,
1107 1721 1220 1776 quod
1251 1721 1289 1762 ei
1319 1721 1381 1762 rei
1413 1735 1558 1763 curam
1598 1721 1720 1762 indu-

179 1786 414 1842 striamque
437 1787 629 1843 adhibes,
661 1790 710 1830 ut
730 1789 907 1831 verbum
938 1804 989 1831 ex
1021 1789 1107 1831 alto
1139 1789 1287 1831 eruas⁷
1320 1791 1364 1831 et
1394 1789 1446 1831 ad
1471 1789 1720 1845 significan-

180 1854 281 1897 dum
319 1855 626 1898 adcommodes.
687 1855 863 1912 Verum,
904 1859 953 1899 ut
989 1857 1115 1900 initio
1146 1857 1247 1913 dixi,
1280 1872 1488 1914 magnum
1518 1858 1565 1900 in
1596 1873 1646 1900 ea
1675 1873 1720 1899 re

179 1923 418 1978 periculum
448 1926 526 1979 est,
573 1939 628 1967 ne
667 1925 810 1967 minus
849 1927 949 1981 apte
987 1927 1062 1968 aut
1098 1941 1252 1982 parum
1290 1926 1474 1968 dilucide
1520 1929 1596 1969 aut
1631 1940 1721 1969 non

180 1992 285 2033 satis
318 1992 482 2048 decore,
515 1993 591 2034 ut8
622 2008 646 2035 a
678 1993 923 2049 semidocto,
965 1994 1233 2038 conlocetur:
1271 2009 1458 2051 namque
1487 1995 1624 2037 multo
1656 2009 1721 2037 sa-

293 2139 316 2164 a
340 2131 385 2164 In
409 2133 579 2175 marffl‘ne:
604 2129 701 2166 Laus
727 2129 924 2167 Ciceronis.

292 2185 317 2221 b
343 2189 389 2221 In
413 2190 582 2232 margine:
608 2187 751 2223 Tullius
777 2189 890 2235 caput
915 2188 1037 2233 adque
1055 2189 1136 2225 fons
1153 2200 1331 2226 romanae
1349 2188 1586 2235 eloquentiae
1605 2190 1719 2227 cluet:

178 2242 310 2288 procul
332 2243 460 2280 tamen
484 2255 507 2279 a
531 2244 753 2289 quaerendis
777 2245 1026 2292 scrupulosius
1049 2247 1173 2283 verbis
1200 2247 1271 2283 fuit
1301 2247 1360 2283 vel
1389 2247 1505 2283 animi
1535 2248 1720 2293 magnitu-

180 2299 265 2335 dine
289 2299 350 2335 vel
372 2300 465 2346 fuga
489 2300 629 2337 laboris
656 2302 714 2337 vel
737 2302 883 2339 fiducia.

295 2441 313 2472 1
340 2436 480 2473 Codex:
507 2443 706 2484 quaerendi.
755 2438 924 2476 Correxit
947 2440 1076 2477 Maius.

294 2497 314 2528 2
338 2494 434 2528 Add.
460 2506 532 2530 sec.
558 2507 606 2531 m.

295 2555 315 2586 3
339 2550 475 2597 Incipit
500 2551 588 2588 Cod.
614 2550 735 2588 Vatic.
761 2564 797 2599 p.
820 2557 895 2590 145.

293 2610 315 2642 4
339 2607 435 2643 Add.
463 2619 534 2644 sec.
561 2621 610 2644 m.

293 2668 314 2700 5
340 2663 481 2700 Codex:
513 2672 572 2702 aut
597 2679 663 2702 non
687 2669 738 2702 ila
767 2670 1024 2712 significandum
1057 2673 1398 2709 acleommoclandmu
1437 2670 1518 2704 tum
1548 2670 1720 2706 emenda-

179 2720 275 2756 tum:
301 2725 600 2758 adcommodatum.
657 2765 662 2769 ,

294 2782 314 2814 6
338 2776 434 2813 Add.
461 2790 533 2814 sec.
560 2790 609 2814 111.

294 2838 314 2870 7
340 2834 428 2871 Cod.
454 2847 510 2881 pr.
536 2848 583 2872 m.
612 2839 724 2872 erbas.

292 2894 313 2927 8
339 2890 554 2938 Schopenus
580 2893 751 2930 correxit.
802 2893 927 2932 Codex
951 2907 1007 2941 pr.
1034 2907 1102 2932 m.:
1128 2905 1198 2935 auc.
