1968 3158
241 166 325 208 232
701 163 750 197 Μ,
778 162 1002 198 CORNELII
1034 162 1265 199 FRONTON
1268 163 1310 198 IS

242 280 422 333 possunt
466 278 519 319 ab
563 277 651 318 ullo
696 276 960 332 contingere.
1022 276 1132 325 Mea<
1163 291 1295 319 manu
1331 291 1420 319 non
1458 279 1630 334 scribsi,
1670 280 1771 335 quia

243 345 407 401 vesperi
439 345 527 387 loto
556 344 770 387 tremebat
807 344 936 386 etiam
974 344 1166 386 manus¹.
1226 344 1335 386 Vale
1373 345 1431 386 mi
1467 345 1770 390 iucundissime

242 413 463 468 magister.

572 526 642 568 ΙΙ.
692 524 934 570 Antonino
964 523 1181 580 Augusto
1216 525 1456 579 &Fronto

358 616 507 659 Multis
537 617 824 659 huiuscemodi
831 616 847 643 3
884 617 1147 659 maeroribus
1182 617 1357 658 fortuna
1393 632 1460 659 me
1499 632 1575 672 per
1605 632 1775 661 omnem

243 685 378 726 vitam
415 699 555 726 meam
601 685 804 726 exercuit.
866 683 979 726 Nam
1024 686 1072 726 ut
1109 684 1193 726 alia
1230 699 1326 726 mea
1372 685 1525 727 acerba
1562 685 1772 740 omittam,

245 752 431 808 quinque
463 753 586 794 amisi
615 752 773 794 liberos
803 752 1043 794 miserrima
1073 752 1242 808 quidem
1265 753 1513 795 condicione
1535 755 1776 808 temporum

245 834 458 862 meorum:
498 835 599 862 nam
637 820 824 876 quinque
859 835 1005 863 omnes
1035 835 1377 876 unumquemque
1407 835 1573 876 semper
1602 821 1776 863 unicum

247 888 393 942 amisi,
435 888 512 930 has
550 888 749 930 orbitatis
787 888 900 930 vices
930 903 1170 944 perpessus,
1210 890 1260 930 ut
1288 903 1521 943 numquam
1557 888 1663 930 mihi
1692 889 1777 931 nisi

246 956 397 998 orbato
428 956 570 998 filius⁴
601 958 863 998 nasceretur.
934 955 1003 998 Ita
1041 971 1207 1011 semper
1245 958 1337 998 sine
1374 956 1460 997 ullo
1491 956 1647 999 solacio
1677 957 1778 998 resi-

248 1024 329 1065 duo
359 1023 517 1065 liberos
549 1024 685 1078 amisi,
721 1039 814 1065 cum
845 1024 1007 1065 recenti
1038 1024 1157 1066 luctu
1186 1024 1420 1079 procreavi.

360 1090 522 1133 Verum
560 1091 655 1133 illos
698 1106 778 1147 ego
816 1092 956 1133 luctus
994 1091 1172 1133 toleravi
1209 1091 1378 1146 fortius,
1418 1092 1571 1147 quibus
1610 1094 1779 1148 egomet

247 1148 339 1214 ipse
370 1159 482 1201 solus
522 1159 756 1201 cruciabar.
818 1159 1014 1214 Namque
1052 1174 1170 1201 meus
1217 1160 1384 1201 animus
1426 1163 1609 1202 meomet
1645 1160 1779 1202 dolori

249 1227 460 1269 obnixus⁵
498 1227 718 1282 oppositus
756 1227 877 1282 quasi
920 1227 1111 1269 solitario
1143 1228 1391 1282 certamine,
1433 1242 1543 1270 unus
1573 1228 1662 1282 uni,
1701 1243 1780 1283 par

252 1295 347 1350 pari
376 1295 619 1337 resistebat.
674 1295 735 1336 At
764 1310 881 1337 nunc
906 1328 914 1336 .
950 1328 958 1335 .
995 1327 1003 1336 .
1038 1295 1076 1336 ‚⁶
1097 1295 1216 1337 dolor
1236 1295 1378 1337 dolore
1403 1328 1411 1336 .
1447 1328 1455 1336 .
1492 1295 1527 1337 ‚⁷
1566 1297 1600 1337 ri
1639 1295 1779 1337 multi—

249 1362 434 1417 plicatur
469 1365 512 1404 et
543 1362 757 1404 cumulum
786 1362 979 1404 luctuum
1016 1363 1231 1404 meorum8
1261 1363 1374 1405 ferre
1411 1377 1596 1418 nequeo3
1635 1363 1779 1405 Victo-

250 1430 335 1472 rini
365 1430 450 1471 mei
480 1430 668 1472 lacrimis
699 1430 887 1484 tabesco,
923 1430 1206 1485 conliquesco.
1251 1430 1387 1486 Saepe
1409 1432 1535 1473 etiam
1560 1431 1780 1486 expostulo

252 1513 347 1540 cum
379 1498 443 1540 dis
473 1498 787 1539 immortalibus
819 1500 863 1539 et
891 1498 984 1540 fata
1012 1498 1152 1553 iurgio
1184 1498 1404 1554 compello.

364 1565 637 1608 Victorinum
674 1566 856 1620 pietate,
898 1566 1247 1620 mansuetudine,
1288 1567 1484 1621 veritate,
1533 1566 1783 1608 innocentia

250 1634 450 1688 maxima,
491 1633 680 1675 omnium
712 1633 893 1688 denique
925 1633 1184 1688 optimarum
1215 1634 1372 1676 artium
1408 1633 1686 1689 praecipuum
1723 1634 1782 1676 vi-

250 1715 346 1743 rum
391 1701 667 1743 acerbissima
712 1702 848 1742 morte
895 1700 956 1742 fili
1002 1700 1243 1743 adflictum:
1303 1702 1483 1744 hoccine
1528 1701 1615 1743 ullo
1659 1702 1782 1743 modo

253 1784 435 1824 aequum
472 1770 546 1810 aut
584 1769 745 1810 iustum
782 1768 899 1810 fuit?
958 1767 1003 1810 Si
1047 1768 1317 1823 providentia
1363 1784 1430 1811 res
1469 1770 1781 1825 gubernantur,

252 1838 333 1879 hoc
362 1836 567 1891 idem⁹fl¹⁰
586 1838 702 1878 recte
733 1836 951 1891 provisum
973 1836 1068 1878 est?
1118 1835 1161 1878 Si
1191 1837 1283 1878 fato
1312 1839 1466 1880 cuncta
1496 1837 1685 1879 humana
1715 1838 1783 1879 de-

255 1907 502 1958 cernuntur,
535 1904 713 1946 hoccine
743 1904 834 1945 fato
865 1904 1036 1946 decerni
1067 1904 1278 1946 debuitss?
1329 1904 1507 1947 Nullum
1535 1919 1636 1960 ergo
1664 1891 1784 1947 inter

254 1974 388 2014 bonos
426 1987 477 2013 ac
520 1972 655 2013 malos
692 1971 963 2013 fortunarum
1008 1971 1237 2013 discrimen
1275 1972 1393 2014 erit?
1451 1972 1582 2015 Nulla
1631 1973 1720 2014 deis
1736 1973 1780 2027 1²,

372 2135 388 2163 1
414 2129 496 2164 Duo
521 2129 704 2164 vocabula
728 2132 829 2164 etiam
852 2142 968 2164 manus
990 2128 1109 2164 Maius
1135 2128 1268 2164 omisit.

368 2189 387 2219 2
412 2184 547 2230 Incipit
572 2184 660 2220 Cod.
686 2196 722 2230 p.
751 2188 826 2220 150.

369 2246 389 2276 3
414 2240 599 2283 Quattuor
621 2240 766 2276 litteras
792 2240 976 2286 supplevi;
1001 2240 1121 2286 possis
1146 2252 1292 2286 quoque
1318 2245 1414 2276 leuius
1433 2246 1578 2287 yeneris.

370 2302 391 2332 4
414 2297 549 2332 Mirum
562 2302 652 2342 filius
667 2309 736 2342 pro
751 2301 850 2342 prole
866 2296 903 2330 in
921 2296 1144 2340 universum,
1168 2309 1256 2332 nam
1272 2308 1346 2332 non
1362 2297 1431 2332 nisi
1447 2297 1545 2334 filiae
1569 2300 1681 2334 natae
1700 2300 1788 2334 sunt

258 2353 447 2390 Frontoni.
489 2356 723 2389 Buttmannus.
763 2353 847 2387 Non
871 2353 1033 2397 memini,
1058 2353 1155 2388 unde
1171 2354 1212 2388 B.
1239 2354 1310 2389 hoc
1334 2354 1535 2390 resciverit.

374 2414 393 2446 5
417 2411 467 2445 At
492 2409 579 2445 Cod.
606 2422 662 2455 pr.
688 2421 737 2444 m.
770 2412 911 2453 obnixe,
942 2410 1042 2455 quod
1065 2410 1222 2446 fortasse
1245 2411 1425 2456 praestat.
1479 2410 1624 2446 Codicis
1657 2412 1784 2448 lectio-

258 2478 344 2503 nem
368 2474 484 2502 memet
509 2466 722 2502 emendavit
744 2465 940 2511 Hauptius.
974 2471 998 2510 'p

373 2527 392 2558 6
418 2522 558 2568 Supple
581 2534 738 2558 versum.

374 2583 393 2614 7
420 2578 559 2615 Codex:
587 2607 618 2614 ..
645 2578 774 2614 IICUE
799 2579 860 2623 ΕΙ,
884 2579 927 2614 ut
950 2578 1108 2614 videtur.

373 2639 393 2670 8
419 2634 613 2680 Scriptura
636 2635 752 2680 fugax
775 2646 843 2670 nec
867 2635 958 2671 satis
983 2636 1094 2671 certa.
1142 2635 1278 2671 Maius:
1311 2650 1456 2673 meorum
1479 2641 1632 2674 luctuum.

374 2696 394 2726 9
418 2691 577 2727 Videtur
600 2691 639 2726 in
664 2690 798 2727 Codice
824 2690 976 2736 corrigi:
1002 2695 1151 2728 hoccine.

353 2752 395 2783 10
419 2747 553 2793 Incipit
584 2747 672 2783 Cod.
697 2759 734 2793 p.
762 2752 837 2783 155.

353 2807 392 2837 11
418 2802 532 2838 Recte
557 2803 741 2849 supplevit
763 2793 899 2848 Maius3
925 2805 1121 2850 supersunt
1144 2804 1314 2850 vestigia.

354 2863 395 2893 12
421 2858 561 2894 Codex:
589 2863 672 2895 dies.
722 2859 892 2896 Correxit
914 2860 1151 2896 Niebuhrius.
