1968 3158
194 131 296 195 Xxn
773 142 1151 180 PROLEGOMENA.

309 266 519 308 Graecum
550 276 668 316 opus,
702 259 813 315 quod
845 258 1002 300 Caesar
1027 257 1254 311 'significat
1284 271 1328 298 se
1349 256 1493 312 legere
1523 258 1647 312 velle,
1678 258 1725 299 in

197 335 340 376 codice
378 330 670 374 Frontoniano
713 330 778 369 est
815 326 1006 368 omnium
1043 325 1293 379 extremum,
1332 339 1486 379 nempe
1525 326 1550 368 ὁ
1581 327 1725 379 ἐρωτι-

196 405 269 445 κὸε
301 403 441 451 λόγος.
502 397 704 452 Fingitur
735 396 942 451 scriptum
981 408 1073 436 esse
1114 393 1167 435 ad
1196 407 1388 448 puerum,
1420 407 1547 448 quem
1575 393 1726 449 Lysias

197 468 425 523 alloquitur
465 468 511 507 in
548 480 597 506 ea
635 464 837 519 epistola,
876 478 1002 519 quam
1038 462 1164 504 Plato
1202 461 1249 502 in
1285 460 1480 502 Phaedro
1518 461 1724 516 exagitat.

196 537 276 578 Est
307 534 482 589 scriptio
519 534 634 575 inter
670 547 830 587 paucas
860 530 1045 573 insulsa:
1083 529 1144 571 M.
1185 528 1343 572 Caesar
1379 531 1527 570 tamen
1564 529 1612 571 in
1642 529 1727 584 epi-

198 604 320 657 stola,
354 617 461 658 quae
491 602 607 643 inter
638 600 824 643 Graecas
861 599 985 641 nobis
1024 598 1207 654 septima
1245 599 1324 652 est,
1363 597 1557 652 impense
1597 597 1728 639 admi-

197 674 329 713 ratur.
389 670 482 711 Iam
519 684 596 725 per
626 669 730 711 duos
760 682 928 710 menses
968 683 992 709 a
1037 667 1245 722 magistro
1277 666 1439 720 aberat,
1483 665 1608 707 credo
1637 665 1729 707 vin·
1809 707 1813 718 Ἰ

197 739 432 781 demiarum
460 741 667 793 tempore,
708 751 813 792 quas
843 736 960 790 Pius,
1000 751 1024 777 a
1065 735 1182 777 cuius
1211 734 1345 776 latere
1375 749 1609 789 numquam
1646 733 1729 776 dis-

199 807 390 861 cedebat,
423 806 612 848 studiose
644 805 858 847 celebrare
889 804 1067 846 solebat.

309 875 402 916 Iam
434 873 807 929 adpropinquabat
837 875 1030 927 tempus,
1063 886 1145 926 quo
1168 870 1341 914 Caesari
1371 870 1417 912 in
1434 872 1586 912 senatu
1615 870 1731 928 patri

198 943 365 999 gratiae
397 942 589 998 agendae
620 943 767 995 erant,
807 941 880 996 qui
911 955 1007 982 eum
1038 939 1256 982 consulem
1287 938 1550 994 designarat.
1601 938 1731 980 Hunc

197 1011 502 1067 magistratum
538 1010 672 1065 gessit
714 1009 787 1050 ΑΟ.
824 1009 924 1050 14Ο;
970 1009 1116 1063 itaque
1154 1007 1336 1048 Romam
1374 1006 1528 1059 redint,
1567 1007 1730 1048 ultimis

204 1080 309 1121 anni
339 1079 502 1134 diebus,
544 1078 711 1132 accepit
741 1093 766 1118 a
795 1076 1011 1118 Frontone
1049 1075 1278 1129 litterulas,
1320 1074 1374 1130 V,
1411 1076 1448 1130 l,
1486 1089 1542 1116 ne
1582 1077 1732 1117 noctes

201 1147 354 1190 studiis
386 1147 509 1188 daret
538 1145 611 1188 sed
642 1160 811 1199 somno,
854 1146 903 1186 ut
933 1144 1036 1185 forti
1069 1144 1207 1185 colore
1236 1143 1283 1184 in
1321 1145 1520 1184 senatum
1549 1143 1729 1185 veniret.

200 1215 410 1258 Perbreve
442 1217 508 1256 est
538 1213 732 1257 Caesaris
762 1227 1016 1267 responsum
1045 1212 1099 1266 V,
1131 1211 1173 1254 2.
1233 1211 1406 1253 Interea
1436 1211 1597 1253 Fronto
1637 1211 1733 1253 ado-

200 1284 402 1326 lescentis
433 1283 670 1324 orationem
708 1281 882 1336 legebat
920 1283 963 1321 et
994 1279 1270 1321 emendabat:
1309 1279 1412 1321 hinc
1450 1294 1546 1320 eum
1587 1282 1734 1321 monet

202 1351 254 1405 V,
287 1352 328 1406 3,
361 1365 415 1392 ne
445 1365 646 1405 umquam
675 1351 824 1390 utatur
852 1348 1059 1390 vocabulo
1098 1352 1275 1390 dictione
1308 1362 1385 1402 pro
1417 1352 1614 1389 oratione.
1675 1347 1735 1389 Et

201 1433 349 1461 revera
380 1419 595 1460 observari
626 1419 770 1473 potest
798 1417 903 1457 illud
933 1416 1100 1470 vitium,
1141 1416 1177 1458 si
1207 1418 1355 1457 tamen
1385 1416 1539 1458 vitium
1570 1417 1648 1470 est,
1688 1415 1735 1457 in

203 1487 327 1541 epist.
373 1486 565 1529 Caesaris
601 1485 680 1539 III,
721 1485 768 1538 2,
809 1499 936 1539 quam
981 1498 1109 1538 supra
1152 1484 1352 1525 tractavi.
1413 1483 1534 1533 Quod
1579 1477 1749 1526 Caesar

202 1554 425 1608 respondit
461 1553 514 1608 V,
546 1554 595 1605 4,
634 1553 723 1594 fere
761 1550 948 1593 interiit:
996 1566 1085 1593 11011
1123 1551 1292 1594 videtur
1327 1551 1489 1593 Fronto
1527 1551 1735 1606 discipulo

203 1622 478 1677 persuasisse.

315 1689 385 1731 Illi
416 1704 529 1731 anno
562 1689 643 1731 140
673 1688 986 1744 assignaverim
1006 1687 1233 1742 epistolam
1253 1687 1332 1742 ΙΙΙ,
1356 1687 1396 1742 9,
1427 1688 1474 1729 111
1501 1703 1585 1743 qua
1604 1687 1736 1729 Fron-

201 1758 316 1800 tonis
347 1758 485 1800 natali
516 1757 582 1799 die
614 1755 847 1811 discipulus
877 1757 978 1797 vota
1009 1755 1204 1810 suscipit,
1236 1770 1315 1810 pro
1345 1755 1498 1810 quibus
1527 1756 1737 1812 magister

203 1826 367 1882 gratias
407 1826 501 1880 agit
537 1825 624 1879 ΙΙΙ,
668 1825 733 1866 10.
797 1823 998 1879 Sequitur
1041 1823 1273 1865 Frontonis
1319 1824 1501 1878 epistola
1538 1824 1618 1878 III,
1668 1825 1734 1878 ll,

204 1909 311 1948 quae
343 1895 409 1934 est
439 1893 490 1934 de
522 1892 673 1934 studiis
706 1891 915 1934 Caesaris.
972 1891 1156 1934 Videtur
1185 1891 1256 1933 hic
1285 1892 1475 1941 nondum
1506 1892 1737 1947 profecisse

204 1963 388 2014 tantum,
415 1963 623 2015 quantum
642 1959 851 2014 magister
872 1961 1140 2014 speraverat3
1173 1960 1456 2014 commendat,
1488 1962 1537 2002 ut
1557 1959 1738 2001 eandem

206 2028 468 2070 sententiam
498 2028 563 2069 bis
604 2030 646 2069 et
674 2030 742 2068 ter
773 2029 1010 2068 convertat.
1068 2026 1121 2067 In
1161 2026 1380 2082 Sallustio,
1420 2042 1545 2082 quem
1575 2027 1737 2069 Fronto

205 2096 330 2137 unice
362 2096 619 2149 admiratur,
659 2097 759 2136 sunt
795 2094 989 2149 perfecta
1028 2094 1222 2149 exempla
1260 2109 1369 2149 quae
1407 2098 1624 2150 sequatur.
1684 2095 1737 2137 In

208 2163 332 2218 epist.
365 2163 444 2217 III,
482 2163 532 2204 12
564 2164 721 2205 Caesar
750 2162 983 2217 respondet
1015 2176 1111 2203 cum
1142 2162 1195 2203 ad
1224 2161 1351 2217 hanc,
1383 2165 1477 2204 tum
1508 2163 1562 2204 ad
1593 2163 1735 2218 aliam,

208 2246 314 2286 quae
343 2231 563 2273 intercidit
594 2231 667 2272 sed
697 2230 824 2285 paulo
850 2231 971 2285 ‘prius
993 2230 1155 2285 scripta
1174 2229 1281 2285 fuit3
1312 2231 1538 2285 profitetur
1559 2245 1603 2272 se
1632 2231 1738 2273 illud

206 2299 416 2354 imprimis
445 2298 591 2354 magni
625 2299 871 2352 aestimare,
912 2299 1023 2353 quod
1052 2298 1213 2340 Fronto
1244 2312 1288 2340 se
1319 2299 1470 2340 doceat
1499 2314 1648 2341 verum
1677 2300 1738 2342 di-

209 2382 313 2409 cere.
377 2366 491 2409 Satis
524 2366 724 2408 convenit
752 2366 969 2420 iudicium,
1002 2366 1113 2421 quod
1146 2365 1386 2421 Imperator
1422 2367 1570 2409 multis
1608 2368 1734 2410 annis

207 2438 305 2490 post
334 2435 385 2476 de
405 2434 622 2476 Frontone
651 2434 765 2489 tulit,
797 2434 871 2476 sed
901 2449 1030 2489 quum
1060 2434 1240 2489 videam,
1273 2449 1398 2490 quam
1432 2435 1558 2477 anxie
1578 2436 1739 2478 Fronto

211 2506 344 2557 curet,
377 2517 432 2544 ne
463 2502 565 2557 quid
595 2502 725 2557 dicat,
765 2502 876 2557 quod
905 2503 1073 2558 regium
1102 2517 1281 2558 puerum
1310 2503 1478 2545 laedere
1514 2504 1664 2558 possit,
1703 2504 1739 2546 si

208 2571 289 2612 hoc
320 2572 385 2612 est
413 2585 560 2612 verum
591 2570 744 2625 dicere,
776 2585 870 2612 meo
899 2571 991 2612 iure
1013 2571 1192 2613 conficio
1222 2571 1269 2612 in
1299 2571 1396 2613 aula
1418 2571 1739 2613 Antoninorum

209 2639 499 2681 foedissimam
528 2638 715 2694 viguisse
746 2638 1049 2681 adulationem.

322 2707 381 2748 M.
423 2706 580 2749 Caesar
618 2721 713 2748 cum
749 2708 873 2761 patre
905 2707 952 2748 in
989 2707 1091 2748 villa
1130 2708 1301 2762 aberat,
1351 2722 1446 2749 cum
1482 2707 1739 2762 magistrum

211 2774 417 2829 fatigaret
461 2774 652 2829 epistolis
696 2774 792 2829 plus
836 2790 964 2829 quam
1009 2775 1268 2830 quotidianis
1286 2809 1297 2830 ,
1349 2789 1456 2830 quae
1500 2775 1735 2829 perierunt.

213 2840 372 2883 Fronto
402 2842 564 2896 prolixe
595 2843 759 2898 gratias
791 2843 885 2898 agit
913 2843 960 2884 in
990 2843 1116 2898 epist.
1148 2843 1236 2898 III,
1271 2843 1336 2885 13.
1383 2841 1505 2892 Quod
1543 2841 1603 2884 M.
1637 2841 1739 2886 Cae-
