1968 3158
234 151 313 193 102
512 149 559 184 M.
581 147 806 184 CORNELII
830 147 1107 184 FRONTONIS
1131 148 1474 186 EPISTULARUM

232 263 351 305 valde
383 263 472 304 volt
501 264 550 303 ut
579 262 660 303 hoc
698 277 722 302 a
757 263 801 302 te
832 262 1077 316 impetrem:
1115 262 1324 304 desideria
1361 264 1504 305 autem
1541 264 1655 306 illius
1692 263 1757 305 in-

232 332 542 385 temperantem
572 344 639 371 me
670 331 712 370 et
742 328 977 370 violentum
989 329 1177 386 faciunt.
1226 329 1335 372 Vale
1365 330 1424 372 mi
1453 331 1757 374 iucundissime

233 397 450 453 magister.
502 396 723 451 ,Nepotem
752 398 874 438 tuum
904 397 1055 439 saluta.

508 509 563 551 V.
605 507 846 553 Antonino
876 508 1094 564 Augusto
1124 510 1326 554 Domino
1355 511 1472 556 Meo.

344 600 486 641 Ante1
525 601 717 655 gestum,
764 602 862 656 post
890 601 1094 657 relatum,
1136 602 1259 643 aiunt
1298 602 1370 657 qui
1407 601 1577 643 tabulas
1615 602 1760 645 sedulo

233 667 478 710 conficiunt.
523 667 642 709 Idem
671 668 848 710 verbum
878 669 1084 723 epistulae
1112 669 1212 711 huic
1232 672 1521 725 opportunum
1542 672 1619 724 est,
1652 684 1760 724 quae

230 735 385 777 litteris
429 735 516 776 tuis
561 750 698 790 nuper
743 736 795 777 ad
838 751 906 778 me
951 736 1120 792 scriptis
1157 752 1274 779 nunc
1313 737 1480 779 demum
1516 737 1759 793 respondet.

233 803 371 846 Causa
395 817 539 844 morae
568 803 666 858 fuit,
699 804 824 859 quod,
858 818 953 846 cum
973 799 1204 847 rescribere
1224 805 1520 860 instituissem,
1553 805 1761 860 quaedam

231 871 366 912 menti
396 885 516 912 meae
547 885 591 912 se
622 871 858 913 offerebant
887 886 975 913 non
1006 873 1173 927 supino,
1204 875 1254 914 ut
1284 872 1453 927 dicitur,
1490 875 1628 915 rostro
1658 873 1760 914 scri-

232 939 384 981 benda.
445 938 559 980 Dein
589 941 764 981 senatus
795 940 884 981 dies
914 939 1178 995 intercessit,
1220 942 1263 982 et
1298 940 1346 981 in
1376 942 1529 982 senatu
1560 940 1682 982 labor
1712 954 1761 982 eo

232 1007 405 1062 gravior
434 1009 682 1062 perceptus,
731 1008 842 1062 quod
881 1022 976 1049 cum
1013 1008 1170 1063 gaudio
1209 1008 1369 1049 semul²
1401 1008 1527 1049 altius
1564 1010 1761 1076 penpetra-

231 1077 371 1129 verat,
418 1074 479 1116 ita
515 1076 563 1115 ut
602 1089 698 1116 cum
733 1075 821 1116 sole
857 1077 1051 1117 ventusa.
1118 1075 1246 1117 Nunc
1285 1075 1392 1118 haec
1430 1076 1614 1131 epistula
1650 1076 1762 1131 quod

232 1157 316 1184 non
350 1157 425 1184 suo
455 1143 647 1197 tempore
677 1145 847 1197 praesto
880 1143 912 1199 {3
943 1143 1147 1197 adfuerit,
1195 1143 1365 1184 veniam
1402 1144 1449 1185 in
1481 1143 1761 1186 relationibus

232 1210 440 1251 usitatam
467 1210 618 1264 poscit,
651 1225 706 1252 ne
735 1210 877 1252 fraudi
907 1211 976 1252 sit.

347 1277 484 1326 Quom
515 1278 659 1332 accepi
688 1278 855 1320 litteras
885 1280 996 1333 tuas,
1029 1279 1091 1320 ita
1120 1278 1351 1320 rescribere
1378 1272 1619 1334 coeperam:
1649 1279 1762 1321 Ama

233 1360 300 1387 me
339 1347 388 1387 ut
427 1360 562 1400 amas,
608 1346 764 1401 inquis.
832 1345 946 1388 Huic
983 1346 1112 1388 verbo
1156 1347 1412 1401 respondere
1449 1347 1576 1402 paulo
1621 1347 1762 1389 verbis

232 1413 424 1468 pluribus
462 1413 509 1455 in
540 1413 711 1455 animo‘*
749 1416 836 1455 est:
874 1413 1079 1469 prolixius
1118 1414 1233 1455 enim
1271 1414 1502 1456 rescribere
1539 1415 1620 1456 tibi
1656 1417 1762 1456 tem-

233 1495 335 1536 pore
365 1479 438 1522 1110
469 1481 671 1536 solebam,
705 1496 787 1536 quo
819 1482 1008 1523 amatum
1037 1484 1080 1523 te
1112 1497 1136 1523 a
1155 1496 1237 1535 me,
1270 1481 1375 1524 satis
1398 1484 1662 1537 compertum
1681 1482 1763 1524 tibi

234 1563 324 1591 esse
353 1550 446 1590 tute
476 1549 677 1591 ostendis.
737 1548 847 1590 Vide
878 1563 1049 1604 quaeso,
1081 1563 1137 1590 ne
1167 1550 1301 1591 temet
1336 1549 1427 1604 ipse
1458 1550 1680 1592 defrudes⁵
1721 1552 1764 1592 et

235 1617 539 1659 detrimentum
570 1617 724 1658 amoris
749 1616 866 1658 'ultro
895 1631 1067 1671 poscas:
1109 1616 1290 1672 amplius
1331 1617 1445 1659 enim
1474 1619 1598 1659 tanto
1629 1618 1763 1660 amari

234 1687 276 1726 te
309 1699 332 1725 a
362 1699 429 1726 me
459 1684 586 1726 velim
618 1684 764 1726 credas
793 1683 920 1738 mihi,
967 1685 1128 1739 quanto
1159 1684 1355 1726 omnibus
1391 1685 1438 1726 in
1468 1685 1593 1727 rebus
1623 1686 1765 1741 potior

235 1754 299 1794 est
330 1754 469 1794 certus
499 1767 701 1807 praesens
731 1752 897 1794 fructus
929 1767 1055 1807 quam
1083 1752 1219 1794 futuri
1239 1767 1335 1807 spes
1356 1753 1564 1794 incertab.
1611 1753 1763 1809 Egone

236 1821 308 1876 qui
337 1820 524 1861 indolem
552 1820 719 1875 ingenii
749 1820 840 1861 tui6
878 1820 926 1861 in
962 1820 1155 1875 germine
1194 1820 1324 1862 etiam
1360 1822 1453 1862 tum
1483 1822 1526 1862 et
1553 1821 1601 1862 in
1630 1821 1764 1863 herba

236 1890 279 1930 et
308 1889 355 1930 in
384 1888 487 1929 flore
518 1887 758 1942 dilexerim,
797 1902 915 1930 nunc
951 1888 1123 1943 frugem
1160 1888 1299 1943 ipsam
1336 1888 1554 1930 maturae⁷
1592 1889 1764 1931 virtutis

235 1970 379 1998 nonne
409 1955 544 1997 multo
573 1955 790 2010 multoque
829 1954 1011 2010 amplius
1042 1955 1275 2011 diligam?c
1331 1956 1441 2013 Tum
1472 1970 1551 2011 ego
1581 1956 1763 1998 stolidis-

349 2080 372 2104 a
395 2071 441 2103 In
463 2072 629 2112 margine:
655 2068 779 2117 Labor
804 2079 887 2104 cum
910 2067 1047 2114 gaudio
1073 2068 1102 2102 si
1134 2096 1390 2104 ........
1423 2069 1687 2114 penetraverat
1709 2067 1764 2104 ita

238 2127 280 2161 ut
304 2138 387 2161 cum
411 2125 487 2160 sole
510 2125 654 2160 ventus.
1301 2155 1303 2157 ,
1328 2127 1331 2130 ”

349 2182 373 2216 b
399 2184 444 2216 In
467 2185 635 2227 maryine:
662 2180 840 2217 Omnibus
864 2181 975 2217 rebus
999 2181 1123 2227 potior
1146 2192 1325 2226 praesens
1349 2181 1489 2216 fructus
1513 2191 1625 2226 quam
1649 2180 1764 2216 futuri

238 2250 321 2284 spes
344 2239 498 2274 incerta.
723 2235 725 2237 ’
1792 2282 1796 2287 .

351 2307 370 2330 c
397 2298 442 2329 In
464 2298 631 2339 maryinez
661 2294 742 2339 Ego
768 2294 830 2339 qui
858 2294 882 2329 i.
908 2294 931 2329 i.
957 2294 983 2330 t.
1009 2294 1032 2329 i.
1060 2305 1165 2339 germ
1192 2322 1198 2328 .
1227 2322 1233 2328 .
1263 2322 1269 2328 .
1299 2322 1305 2328 .
1334 2290 1346 2328 ἶ
1369 2322 1375 2329 .
1408 2293 1447 2328 111
1469 2293 1589 2329 herba
1611 2293 1650 2328 in
1672 2293 1762 2329 flore

238 2352 271 2386 d.
298 2364 333 2386 n.
359 2352 384 2386 f.
410 2352 444 2386 is
461 2361 534 2385 non
560 2350 717 2396 amplius
743 2350 921 2396 diligam?

351 2425 483 2488 leod.
511 2463 580 2487 sec.
607 2465 656 2487 m.
683 2460 797 2488 antea.
847 2452 898 2487 Cf.
926 2451 1040 2488 Cicer.
1068 2452 1113 2488 de
1139 2452 1284 2488 Orator.
1312 2452 1357 2496 II,
1382 2455 1402 2494 ἓ
1420 2455 1496 2487 280.

350 2514 369 2544 2
394 2510 452 2544 Ita
477 2508 611 2544 Codex.
661 2510 703 2544 In
727 2509 912 2554 margine:
937 2513 1041 2544 simul.
1095 2511 1219 2544 Maius.

350 2571 370 2601 3
394 2565 528 2611 Incipit
553 2565 640 2601 Cod.
667 2565 751 2601 Vat.
778 2578 813 2611 p.
834 2569 887 2601 96.

350 2625 371 2656 4
396 2622 535 2657 Codex:
562 2626 704 2666 animos,
734 2621 800 2658 sed
830 2632 921 2657 corr.
972 2621 1156 2658 Credibile
1181 2622 1237 2657 est
1268 2622 1305 2657 et
1327 2620 1387 2657 hic
1412 2622 1450 2657 et
1473 2620 1563 2656 alibi
1587 2621 1764 2668 scriptum

239 2677 347 2712 fuisse
372 2681 522 2713 animost.

352 2737 372 2768 5
395 2734 453 2768 Ita
477 2733 611 2769 Codex.

353 2793 373 2823 6
399 2789 486 2824 Cod.
513 2802 568 2835 pr.
595 2803 643 2825 m.
671 2798 704 2826 ec
729 2794 786 2828 ιιιί.

353 2849 372 2879 7
398 2843 538 2881 Codex:
564 2853 719 2882 naturae.
