1968 3158
252 164 306 207 90
534 161 582 197 M.
604 158 829 196 CORNELII
853 155 1129 193 FRoNToNIs
1153 155 1494 192 EPISTULARUM

253 277 440 320 crastino
470 274 745 330 praeparabo.
794 271 1044 313 Victorinus
1063 271 1220 312 ‘noster
1251 271 1371 325 aget:
1402 284 1456 311 ne
1486 285 1553 312 me
1584 271 1778 313 acturum

251 347 387 400 putes.
448 342 556 384 Vale
587 341 769 382 Domine
801 339 1055 381 dulcissime.
1117 338 1348 381 Dominam
1378 337 1529 381 saluta.

551 453 695 497 XLV.
727 453 802 496 60.
848 452 1076 507 Magistro
1106 451 1207 495 Meo
1238 448 1471 495 Salutem.

363 546 536 588 Auxisti
575 559 697 586 curas
741 544 861 598 mihi,
909 558 1014 599 quas
1053 545 1153 598 opto
1191 557 1319 598 quam
1360 542 1544 597 prim'um
1574 542 1735 584 relebes
1748 542 1776 596 ¹,

251 615 408 657 sedatis
439 614 518 655 tibi
549 612 763 655 doloribus
795 626 931 668 genus
962 613 1004 653 et
1033 611 1238 667 inguinis,
1277 610 1346 652 Me
1379 612 1521 652 autem
1551 611 1778 653 infirmitas

249 683 459 724 Dominae
497 696 617 723 meae
655 680 805 722 matris
844 679 1060 735 quiescere
1098 693 1186 720 non
1225 678 1341 720 sinit.
1402 678 1466 719 Eo
1505 679 1670 720 accedit
1708 679 1778 720 ad-

250 749 553 805 propinquatio
597 751 747 804 partus
785 747 1028 790 Faustinae.
1090 746 1172 789 Sed
1211 738 1421 789 confidere
1459 747 1524 788 dis
1562 747 1775 789 debemus.

249 818 356 860 Vale
387 819 445 860 nii
475 817 682 875 magister
723 816 1028 858 iucundissime
1058 814 1176 856 mihi.
1236 814 1377 856 Mater
1406 829 1500 856 mea
1530 817 1573 856 te
1603 815 1774 857 salutat.

680 929 853 974 XLVI.
885 929 959 972 61.
993 928 1195 972 Domino
1225 927 1341 971 Meo.

361 1023 462 1078 Ipsa
492 1023 573 1077 die,
606 1037 689 1077 qua
718 1020 930 1076 proficisci
962 1020 1244 1073 destinabam,
1277 1033 1413 1074 genus
1440 1018 1626 1060 dolorem
1647 1020 1774 1061 sensi.

249 1091 381 1146 Spero
411 1091 456 1132 in
486 1091 635 1146 paucis
666 1089 813 1131 diebus
843 1103 910 1131 me
941 1090 1055 1131 recte
1085 1088 1189 1129 fore.
1249 1087 1357 1130 Vale
1387 1087 1571 1128 Domine
1601 1087 1773 1142 optime.

247 1159 476 1201 Dominam
507 1158 657 1200 saluta.

520 1271 721 1314 XLVII.
753 1271 828 1313 62.
873 1270 1103 1324 Magistro
1134 1269 1234 1312 Meo
1267 1266 1499 1312 Salutem.

359 1362 486 1405 Nunc
518 1362 699 1417 denique
720 1363 835 1417 opto,
868 1361 927 1402 mi
946 1362 1166 1416 magister,
1197 1359 1449 1401 iucundiora
1469 1359 1650 1402 indices:
1672 1375 1774 1401 nam

246 1431 428 1472 doluisse
459 1433 502 1472 te
531 1431 577 1472 in
608 1430 651 1471 id
681 1432 863 1484 tempus,
904 1443 986 1484 quo
1021 1427 1127 1469 mihi
1157 1427 1386 1481 scribebas,
1433 1427 1603 1469 litterae
1635 1428 1772 1470 decla-

244 1501 356 1540 rant.
418 1498 538 1539 Haec
568 1497 850 1538 obambulans
880 1495 1050 1538 dictavi.
1113 1495 1227 1536 Nam
1258 1509 1354 1536 eum
1383 1497 1546 1536 motum
1576 1495 1623 1536 in
1652 1511 1772 1551 prae-

245 1567 384 1608 sentia
423 1567 532 1607 ratio
579 1565 840 1620 corpusculei
887 1563 1166 1606 desiderabat.
1227 1562 1553 1605 Vindemiarum
1576 1562 1607 1618 }2
1630 1566 1773 1606 autem

244 1635 430 1690 gratiam
446 1631 575 1675 'nunc
615 1634 783 1674 demum
819 1634 1036 1688 integram
1067 1631 1250 1673 sentiam
1261 1630 1289 1684 3,
1332 1645 1427 1672 cum
1464 1633 1538 1672 tua
1576 1631 1772 1675 valetudo

242 1702 452 1758 placatior
483 1717 572 1744 esse
603 1701 727 1743 nobis
760 1700 958 1756 coeperit.
990 1699 1100 1742 Vale
1129 1699 1186 1740 mi
1218 1698 1522 1741 iucundissime
1550 1700 1770 1756 magister.

643 1813 875 1858 XLVIII.
907 1813 982 1857 63.
1022 1813 1225 1857 Domino
1254 1813 1371 1856 Meo.

355 1906 550 1961 Plantae,
582 1906 780 1959 Domine,
811 1905 953 1946 dolore
973 1904 1201 1959 impedior:
1232 1904 1326 1946 ideo
1359 1919 1430 1946 vos
1459 1919 1536 1959 per
1557 1904 1660 1947 istos
1681 1906 1770 1948 dies

242 1990 329 2017 non
360 1975 555 2016 salutavi.
616 1974 724 2016 Vale
754 1973 937 2014 Domine
968 1973 1139 2028 optime.
1200 1971 1429 2014 Dominam
1460 1971 1610 2014 saluta.

652 2086 833 2131 XLIX.
864 2086 940 2129 64.
979 2086 1210 2140 Magistro
1239 2085 1356 2129 Meo.

354 2179 487 2228 Quom
525 2179 693 2221 salubre
730 2178 810 2220 tibi
849 2179 914 2219 est
949 2176 1103 2219 facile4
1145 2176 1359 2232 progredi,
1406 2178 1511 2217 tunc
1556 2178 1599 2217 et
1643 2178 1767 2219 nobis

242 2249 492 2302 conspectus
523 2248 622 2288 tuus
658 2246 739 2288 erit
776 2245 999 2288 iucundus.
1059 2244 1109 2286 Id
1139 2246 1186 2285 ut
1216 2259 1344 2299 quam
1374 2244 1559 2298 primum
1598 2245 1768 2287 eveniat

241 2317 283 2357 et
313 2315 430 2357 dolor
459 2315 633 2370 plantae
664 2315 869 2370 quiescat,
902 2313 944 2354 di
964 2313 1124 2354 iuvent.
1156 2311 1265 2353 Vale
1285 2313 1343 2352 mi
1364 2311 1523 2366 optime
1544 2312 1762 2368 magister.

726 2427 782 2470 L.
813 2427 888 2470 65.
927 2426 1130 2469 Domino
1160 2424 1277 2468 Meo.

351 2519 446 2574 Ego
476 2519 728 2575 gravissime
759 2519 952 2573 arreptus
991 2532 1084 2559 sum
1113 2516 1268 2558 iterum
1307 2516 1360 2558 ab
1399 2515 1532 2558 altero
1569 2516 1760 2573 inguine.

354 2704 368 2734 1
395 2700 452 2734 Ita
477 2699 610 2734 Codex,

352 2760 371 2790 2
396 2755 530 2800 Incipit
554 2755 641 2790 Cod.
667 2755 752 2791 Vat.
778 2768 814 2801 p.
835 2759 888 2791 99.

351 2817 371 2846 3
397 2811 534 2846 Codex:
559 2816 775 2855 sententiam,
801 2812 866 2847 sed
889 2812 1016 2847 statim
1041 2822 1132 2848 corr.

352 2871 373 2903 4
398 2867 626 2914 Schopenus:
653 2875 703 2903 est
729 2869 766 2904 et
789 2872 901 2905 facile.
