1968 3158
421 179 490 216 AD
511 179 560 215 M.
581 178 839 216 CAESAREM
864 178 925 215 ET
952 178 1155 215 INVICEM
1180 178 1324 214 LIBER
1347 177 1427 214 1111.
1652 178 1708 221 59

168 295 370 339 virtutem
401 297 684 350 sectarentur,
726 295 989 351 probitatem
1029 294 1346 349 condiscerent3
1384 294 1545 349 pu'dore
1583 293 1707 349 inpu-

167 364 379 419 dentiam,
427 364 631 420 obsequio
677 364 1003 419 contumeliam,
1051 363 1324 420 benignitate
1369 361 1707 405 malivolentiam

167 435 493 476 commutarent.
555 432 699 483 Quod¹
741 432 873 488 siquis
904 446 1107 484 umquam
1143 431 1322 488 ingenio
1353 433 1525 473 tantum
1554 430 1704 485 valuit,

165 503 215 544 ut
245 501 404 544 amicos
436 517 485 544 ac
517 504 750 544 sectatores
781 515 878 542 suos
910 514 1053 542 amore
1083 500 1197 542 inter
1228 514 1272 542 se
1299 501 1448 542 mutuo
1470 499 1705 555 copularet,

163 571 213 612 tu
243 569 324 612 hoc
354 571 548 626 profecto
577 570 772 626 perficies
802 568 938 610 multo
968 568 1155 623 facilius,
1188 568 1261 624 qui
1285 568 1338 610 ad
1359 568 1499 610 omnis
1524 568 1708 610 virtutes

164 641 294 682 natus
326 654 370 681 es
400 639 520 695 prius
558 653 687 694 quam
726 637 966 696 institutus.
1027 635 1142 678 Nam
1179 636 1432 692 priusquam
1467 636 1548 678 tibi
1589 638 1707 679 aetas

164 707 429 750 institutioni
475 707 694 750 sufficiens
739 705 1030 760 adolesceret,
1082 705 1169 747 iam
1218 707 1267 746 tu
1314 705 1531 760 perfectus
1579 707 1707 761 atque

165 776 363 818 omnibus
394 775 518 818 bonis
559 775 724 817 artibus
749 775 780 832 {²
811 773 1051 816 absolutus:
1092 775 1192 816 ante
1222 773 1496 829 pubertatem
1533 774 1598 816 vir
1636 775 1707 816 bo-

163 859 279 899 nus,
306 845 407 886 ante
444 846 594 900 togam
631 843 798 886 virilem
836 842 1006 884 dicendi
1036 842 1214 898 peritus.
1275 841 1438 884 Verum
1477 857 1528 884 ex
1572 843 1707 885 omni-

164 913 243 955 bus
294 912 523 955 virtutibus
568 912 655 954 tuis
699 911 781 954 hoc
833 911 900 954 vel
945 910 1175 966 praecipue
1221 910 1546 966 admirandum,
1596 912 1709 967 quod

163 980 303 1024 omnis
333 981 494 1023 amicos
523 983 621 1024 tuos
653 980 880 1023 concordia
912 979 1101 1035 copulas.
1161 978 1254 1021 Nec
1289 981 1437 1021 tamen
1468 979 1707 1022 dissimula-

163 1050 298 1092 verim
326 1050 463 1092 multo
502 1049 583 1092 hoc
623 1064 714 1092 esse
745 1048 977 1102 difficilius,
1026 1062 1155 1101 quam
1197 1050 1247 1089 ut
1289 1047 1435 1090 faerae
1475 1063 1524 1090 ac
1562 1048 1708 1091 leones

165 1118 332 1161 cithara
361 1118 638 1175 mitigentur:
676 1118 788 1174 quod
818 1119 867 1160 tu
896 1116 1066 1159 facilius
1097 1116 1328 1171 obtinebis,
1369 1117 1405 1158 si
1436 1132 1571 1158 unum
1601 1117 1708 1159 illud

163 1186 316 1229 vitium
344 1187 542 1230 funditus
572 1186 875 1242 extirpandum
906 1185 1225 1240 eruendumque
1257 1185 1487 1241 curaveris,
1520 1199 1575 1227 ne
1606 1185 1707 1227 live-

163 1258 241 1298 ant
276 1270 384 1298 neve
422 1256 647 1299 invideant
682 1254 870 1297 invicem
910 1254 1038 1297 amici
1076 1254 1141 1296 tui
1181 1253 1304 1308 sibi3,
1352 1268 1461 1296 neve
1505 1255 1619 1310 quod
1659 1257 1709 1296 tu

163 1323 236 1366 alii
266 1323 468 1367 tribueris
501 1326 576 1367 aut
605 1324 716 1366 bene
745 1323 914 1379 feceris,
956 1322 1039 1365 sibi
1078 1322 1257 1378 quisque
1295 1322 1402 1364 illud
1433 1323 1626 1378 deperire
1658 1339 1708 1366 ac

162 1390 330 1435 detrahi
374 1395 538 1448 puteta.
598 1393 768 1436 Invidia
807 1391 1098 1448 perniciosum
1142 1391 1258 1443 inter
1302 1391 1498 1434 homines
1544 1391 1708 1433 malum

162 1461 431 1518 maximeque
461 1462 789 1517 internecivum,
823 1460 905 1503 sibi
937 1460 1116 1516 aliisque
1137 1460 1301 1516 pariter
1321 1460 1575 1515 obnoxium3
1608 1461 1707 1502 sed⁴

162 1530 199 1572 si
228 1530 378 1586 procul
401 1523 433 1572 'a
465 1531 637 1574 cohorte
668 1532 744 1572 tua
773 1529 1059 1586 prohibueris,
1091 1529 1226 1571 uteris
1251 1529 1401 1571 amicis
1424 1529 1707 1571 concordibus

162 1600 205 1640 et
243 1599 467 1656 benignis,
514 1601 563 1641 ut
598 1614 717 1641 nunc
753 1599 908 1641 uteris:
954 1598 1023 1640 sin
1064 1597 1208 1653 aliqua
1237 1597 1497 1654 pervaserit,
1544 1612 1707 1653 magna

161 1667 358 1716 molestia
387 1682 632 1724 magnoque
668 1667 814 1709 labore
850 1667 932 1710 erit
970 1666 1343 1721 restinguendum.
1407 1665 1489 1709 Sed
1528 1666 1707 1708 meliora

162 1751 320 1792 quaeso
348 1736 605 1779 fabulemur.
655 1735 767 1777 Amo
797 1735 1015 1778 Iulianum
1026 1735 1056 1790 5,
1090 1735 1191 1776 inde
1220 1735 1336 1777 enim
1365 1734 1436 1777 hic
1467 1749 1606 1777 sermo
1637 1735 1706 1776 de-

161 1804 306 1860 fluxit3
339 1819 434 1847 amo
465 1804 604 1847 omnis
635 1804 708 1860 qui
738 1806 782 1846 te
813 1804 1023 1860 diligunt3
1056 1817 1151 1845 amo
1183 1803 1282 1845 deos
1314 1803 1387 1859 qui
1417 1805 1460 1845 te
1481 1805 1705 1859 tutantur3

162 1887 258 1915 amo
288 1873 422 1915 vitam
452 1875 629 1929 propter
656 1875 721 1928 te3
761 1887 856 1914 amo
893 1871 1062 1914 litteras
1098 1874 1262 1927 tecum3
1299 1872 1418 1915 cum⁰
1450 1877 1591 1915 amicis
1620 1872 1706 1914 tuis

161 1940 270 1984 mihi
302 1956 491 1984 amorem
520 1942 585 1984 tui
614 1941 878 1998 ingurgitoff

276 2091 299 2115 a
330 2081 374 2114 In
397 2082 566 2124 maraine:
603 2078 684 2114 Hoc
715 2078 879 2124 extirpa,
906 2078 1060 2122 Caesar,
1091 2089 1137 2114 ne
1164 2078 1274 2114 amici
1299 2078 1354 2113 tui
1378 2078 1538 2114 invicem
1561 2079 1707 2114 libeant

162 2137 255 2182 (sic->z
280 2147 373 2171 neve
399 2136 500 2181 quod
524 2136 590 2172 alii
612 2137 655 2171 tu
678 2136 775 2171 bene
806 2135 955 2180 feceris,
988 2135 1060 2171 sibi
1091 2135 1248 2180 quisque
1279 2135 1450 2182 deperire
1482 2147 1526 2172 ac
1557 2135 1706 2172 detrahi

160 2194 278 2240 putet.
328 2193 472 2230 Invidia
495 2192 748 2240 perniciosum
771 2192 871 2228 inter
893 2191 1064 2229 homines
1089 2192 1239 2229 malum.

278 2346 295 2377 1
323 2342 464 2379 Codex:
491 2355 567 2389 quo.

276 2404 296 2435 2
321 2399 456 2445 Incipit
481 2399 569 2435 Cod.
594 2399 679 2435 Vat.
706 2412 742 2445 p.
763 2403 840 2436 227.
867 2420 911 2424 —
941 2400 983 2434 In
1007 2399 1149 2446 pagina
1174 2391 1269 2445 quae
1300 2399 1387 2435 hinc
1410 2399 1542 2445 incipit
1567 2399 1705 2445 triplex

163 2456 326 2492 cernitur
351 2456 547 2502 scriptura,
579 2456 702 2502 prima
725 2456 940 2500 Frontonis3
977 2456 1092 2492 tertia
1122 2457 1254 2502 synodi
1286 2456 1608 2499 chalcedonensis3
1650 2468 1703 2491 se-

163 2513 284 2549 cunda
307 2513 398 2548 item
422 2512 471 2548 ad
496 2513 655 2548 eandem
679 2513 863 2557 synodum
886 2513 1089 2559 pertinens,
1115 2515 1228 2559 atque
1259 2513 1314 2550 ita
1336 2514 1471 2550 tertiae
1498 2513 1703 2559 supposita,

162 2571 204 2606 ut
226 2569 466 2606 nihilominus
491 2569 613 2605 adhuc
635 2570 794 2615 legatur.
845 2573 972 2606 Maius.

276 2629 296 2663 3
320 2627 441 2662 Maius
467 2626 603 2662 omisit.

275 2687 297 2719 4
322 2683 554 2729 Schopenus:
580 2686 618 2718 id
640 2687 680 2719 εἰ.

276 2745 297 2776 5
320 2739 416 2776 Vide
439 2739 629 2786 Epistulas
654 2740 703 2775 ad
726 2740 876 2776 Amicos
902 2741 927 2785 Ι,
950 2745 1000 2777 17.

228 2842 232 2845 Ι
276 2801 296 2831 6
321 2797 485 2833 Tantum
508 2798 586 2833 fere
611 2796 723 2842 spatii
748 2797 956 2834 oblitterati
979 2798 1017 2832 in
1043 2796 1177 2837 Codice
1203 2798 1271 2837 est.
1324 2800 1450 2839 Maius,

276 2858 294 2890 7
320 2853 480 2901 Explicit-
504 2854 699 2902 quaternio
723 2853 820 2893 VIII.
