1968 3158
544 142 610 179 AD
635 141 682 178 M.
703 140 962 178 CAESAREM
987 140 1050 177 ET
1078 139 1283 177 INVICEM
1307 140 1452 176 LIBER
1476 141 1521 176 II.
1742 143 1796 184 37

250 274 359 315 sum,
393 258 631 301 causidicos
660 258 708 300 in
738 257 1012 300 undecimam
1046 257 1199 300 horam
1231 256 1369 299 audio.
1426 255 1639 311 Equidem
1669 256 1798 298 velim

248 328 378 370 istam
408 328 594 381 noctem,
636 341 745 382 quae
785 326 991 383 sequitur,
1024 340 1154 382 quam
1184 324 1483 368 brevissimam
1513 338 1617 367 esse.
1665 324 1797 367 Tanti

249 398 315 438 est
343 395 488 438 minus
519 395 769 450 lucubrare,
803 397 852 436 ut
881 396 924 436 te
956 395 1167 436 maturius
1199 394 1380 436 videam.

362 463 484 518 Vale,
519 464 577 506 mi
598 463 806 519 magister
835 462 1093 504 dulcissime.
1126 461 1267 504 Mater
1297 477 1392 504 mea
1424 465 1466 503 te
1491 462 1665 505 salutat.
1699 462 1793 518 Spi-

247 533 380 576 ritum
409 533 480 574 vix
511 531 662 586 habeo,
695 531 758 574 ita
788 545 884 573 sum
914 530 1120 572 defessus.

370 692 474 737 XV.
517 692 598 749 (M.
629 691 802 736 Cacsar
833 690 1122 746 Magis)¹tro
1154 687 1250 734 Suo
1282 688 1502 735 Salutem
1532 692 1670 737 dicit.

359 795 559 838 Profecto
577 846 586 853 ἢ
604 795 689 837 ista
726 796 802 837 tua
847 793 1121 850 benignitate
1171 807 1379 850 magnum
1419 795 1523 836 mihi
1570 798 1793 852 negotium

246 863 492 920 peperisti2.
553 863 668 905 Nam
705 863 781 905 illa
829 861 1006 905 cottidie
1046 863 1121 903 tua
1161 861 1362 904 Lorium3
1407 863 1575 918 ventio,
1624 864 1699 907 illa
1745 866 1791 907 in

246 947 388 975 serum
419 932 662 988 expectatio
697 964 1202 974 ............

732 1091 865 1135 XVI.
913 1091 1138 1148 (Domino
1169 1061 1308 1146 Meo)

362 1231 369 1239 .
390 1231 397 1238 .
418 1231 426 1239 .
450 1196 482 1254 {⁴
500 1196 696 1251 abripere
716 1195 885 1237 terrae⁵
899 1196 949 1236 ut
969 1195 1127 1236 dicitur
1147 1194 1278 1235 immo
1301 1194 1433 1236 cellae
1454 1194 1579 1236 filios.
1604 1195 1790 1238 Tantam

244 1266 296 1308 de
326 1265 572 1307 thensauris
603 1264 819 1306 Antonini
849 1264 1079 1319 pecuniam
1117 1262 1302 1318 prodigi,
1344 1277 1473 1317 quam
1503 1264 1649 1305 nescio
1680 1279 1789 1319 quae
1836 1309 1839 1314 .

243 1334 328 1376 ista
359 1333 491 1376 altilis
522 1332 696 1374 alumna
728 1332 928 1387 accipiat,
969 1332 1083 1374 unde
1122 1331 1233 1373 nihil
1264 1330 1518 1386 Egatheus⁶
1557 1333 1785 1387 acceperit.

357 1401 517 1451 Quanti
538 1415 638 1443 vero
668 1414 860 1455 rumores
889 1400 1070 1454 adversi,
1110 1401 1298 1455 quantae
1329 1400 1621 1454 querimoniae
1653 1402 1788 1443 exori-

244 1473 370 1514 entur
400 1470 524 1512 bonis
554 1469 651 1525 lege
681 1468 873 1511 Falcidia
904 1468 1156 1511 distractis?

357 1538 537 1580 Lineam
566 1538 696 1579 istam
725 1537 936 1579 famosam
975 1539 1104 1592 atque
1136 1536 1396 1578 celebratam
1436 1539 1661 1592 ceteraque
1691 1540 1786 1580 tan-

244 1610 313 1649 tae
357 1606 565 1662 pecuniae
610 1607 867 1647 ornamenta
912 1606 1007 1661 quis
1044 1605 1189 1647 emet‘?
1248 1605 1340 1646 Tua
1385 1619 1492 1646 uxor
1537 1605 1573 1646 si
1619 1607 1784 1661 emerit,

359 1771 375 1801 1
401 1766 518 1802 Unius
544 1777 670 1801 versus
695 1766 858 1811 spatium
882 1764 920 1798 in
947 1763 1092 1799 Codice.

357 1851 376 1882 2
403 1846 491 1882 Cod.
514 1831 720 1891 proficiodta
745 1845 783 1881 et
806 1857 862 1890 pr.
890 1857 938 1879 m.
962 1848 1163 1890 perperisti.

356 1908 376 1940 3
399 1902 580 1939 Antonini
603 1902 660 1937 Pii
684 1901 789 1945 villa,
820 1901 885 1937 ubi
911 1900 1024 1936 etiam
1056 1901 1241 1936 extinctus
1266 1901 1338 1944 est,
1376 1901 1424 1936 ad
1449 1901 1711 1937 duodecimum
1737 1904 1784 1938 ab

243 1961 335 1996 urbe
359 1960 535 2005 lapidem,
560 1959 658 1994 inter
682 1959 841 1994 Romam
867 1959 905 1993 et
928 1957 1080 1993 Alsium.
1131 1961 1257 1994 Maius.

355 2020 378 2052 4
402 2016 492 2052 Post
522 2017 695 2052 lacunam
729 2015 861 2062 incipit
892 2014 980 2050 Cod.
1007 2015 1179 2050 Ambros.
1207 2027 1244 2061 p.
1268 2018 1341 2050 104.
1399 2013 1565 2059 Sequens
1595 2016 1783 2061 fragmen-

242 2075 322 2109 tum
348 2074 393 2109 de
419 2084 493 2119 quo
518 2073 602 2109 vide
627 2072 837 2119 Epistulam
867 2072 916 2108 ad.
939 2073 1089 2107 Amicos
1114 2072 1140 2107 I.
1163 2076 1222 2116 14,
1255 2083 1331 2117 qua
1360 2071 1443 2107 tota
1474 2083 1532 2107 res
1565 2073 1783 2118 explicatur,

240 2142 316 2166 non
340 2130 429 2167 satis
455 2140 642 2175 assequor,
664 2142 728 2165 cur
752 2129 873 2165 Maius
898 2141 982 2165 cum
1005 2128 1211 2164 Niebuhrio
1237 2129 1377 2164 referat
1401 2128 1500 2164 inter
1529 2129 1706 2174 epistolas
1737 2131 1785 2166 ad

240 2188 289 2223 M.
307 2188 538 2223 Antoninum
561 2188 843 2233 Imperatorem.
895 2186 1029 2222 Obstat
1052 2186 1132 2232 ipse
1157 2186 1269 2230 locus,
1307 2197 1380 2231 quo
1405 2185 1443 2221 in
1470 2185 1604 2222 Codice
1627 2187 1784 2222 Ambro-

241 2245 345 2281 siano
369 2245 463 2280 haec
486 2245 679 2290 leguntur3
707 2243 845 2287 obstat,
870 2243 971 2288 quod
986 2243 1155 2287 Matidia,
1180 2243 1380 2279 Faustinae
1405 2243 1611 2278 matertera
1635 2255 1783 2289 magna,

239 2302 302 2338 vix
325 2302 450 2348 potuit
473 2302 590 2337 vitam
613 2301 821 2347 producere
847 2311 964 2346 usque
989 2300 1038 2335 ad
1054 2299 1102 2335 M.
1122 2299 1353 2336 Antoninum
1370 2288 1485 2345 1'mp.·
1511 2300 1577 2335 sed
1600 2300 1783 2346 imprimis

241 2359 393 2405 obstant
415 2359 510 2394 haec
533 2359 650 2394 verba
673 2358 713 2392 in
738 2357 935 2404 rescripto:
974 2359 1054 2392 Tum
1079 2361 1206 2392 demum
1238 2358 1409 2402 Θαρεήεω
1435 2361 1514 2392 τοῖς
1541 2359 1782 2401 βεβουλευμέ-

241 2428 336 2460 νοις,
369 2430 440 2451 cum
467 2419 599 2460 fuerint
625 2418 666 2450 ab
692 2419 748 2450 illo
774 2418 1010 2460 comprobata:
1042 2413 1082 2448 id
1106 2414 1206 2459 quod
1229 2415 1330 2449 recte
1355 2413 1427 2448 dici
1450 2414 1576 2459 potest
1598 2414 1643 2448 de
1674 2417 1782 2459 patre

242 2472 423 2516 Caesaris,
448 2472 600 2507 minime
624 2482 714 2507 vero
740 2472 785 2507 de
802 2471 961 2507 L.Vero.
989 2471 1114 2507 Etiam
1128 2470 1359 2514 Victorinus,
1386 2471 1426 2504 ut
1452 2481 1496 2505 ex
1522 2470 1680 2515 epistola
1703 2471 1782 2516 pla-

240 2530 389 2565 nissime
415 2528 580 2572 conficio,
606 2540 690 2563 cum
714 2529 854 2563 Fronto
880 2528 926 2563 de
950 2529 1022 2564 hoc
1045 2527 1199 2573 negotio
1218 2526 1408 2570 scriberet,
1434 2526 1600 2562 nondum
1625 2527 1782 2563 duxerat

242 2586 423 2623 Gratiam.
450 2585 506 2620 De
524 2596 564 2620 re
582 2586 822 2620 controversa
840 2585 883 2620 cf.
899 2585 1040 2630 Digest
1055 2584 1201 2619 XXXV.
1221 2588 1252 2618 2.
1263 2588 1317 2620 26.
1344 2583 1393 2619 ad
1408 2583 1547 2633 Legem
1564 2583 1778 2619 Falcidiam

356 2647 376 2679 5
403 2642 528 2678 Codex
552 2642 649 2677 teste
672 2642 772 2677 Maio
799 2650 830 2676 te
855 2650 988 2687 praeut
1039 2641 1210 2677 Correxit
1234 2641 1493 2675 Buttmannus.

356 2704 376 2736 6
400 2698 521 2734 Maius
545 2699 677 2734 laudat
706 2698 988 2744 inscriptionem
1016 2699 1054 2733 in
1086 2698 1239 2744 regione
1270 2697 1352 2732 viae
1382 2697 1480 2732 latae
1514 2698 1703 2743 repertam
1729 2698 1782 2742 (in

242 2757 330 2793 Cod.
361 2756 447 2792 Vat.
481 2756 659 2791 ottobon.
687 2760 775 2791 3129
806 2768 842 2801 p.
862 2757 935 2800 69):
973 2755 1015 2790 T.
1041 2754 1212 2789 Aurelius
1250 2754 1442 2799 Egatheus
1478 2754 1569 2799 Imp.
1601 2754 1782 2790 Antonini

229 2814 336 2860 Aug.
367 2814 447 2849 Lib.
480 2814 512 2848 A
539 2812 724 2848 Codicillis
755 2813 797 2847 D.
831 2813 913 2848 Pos.
946 2832 988 2836 —
1021 2813 1061 2847 Τ.
1087 2812 1301 2856 Αὐρήλι(ο)ε
1334 2811 1514 2853 Ἠγάθεο(
1549 2811 1779 2846 Ἀντωνίνου

243 2872 427 2915 (εβαετοῡ
453 2871 709 2916 ἀπελεύθερος
735 2871 796 2905 ἐπὶ
821 2872 902 2913 τῶν
928 2869 1151 2904 κοδικίλλων
1177 2870 1303 2912 δῶρον
1330 2868 1523 2912 ἀνέθηκεν.
