1968 3158
313 159 391 200 186
590 156 638 191 M.
659 155 884 192 CORNELII
907 155 1184 192 FRONTONIs
1208 155 1547 193 EP1s'rULARUM

307 272 463 324 facere,
497 285 625 325 quam
654 270 749 325 ipsa
778 269 872 312 res¹
904 270 1114 325 postulat:
1153 272 1250 312 acta
1282 271 1594 326 cognitionum,
1627 271 1832 327 epistulas

308 338 446 380 omnis
484 338 666 393 denique
704 338 753 380 ad
786 338 1050 393 provinciam
1086 338 1342 380 adtinentes.
1403 338 1463 380 Te
1493 338 1701 382 iuvabunt
1729 339 1832 382 tuis-

308 421 430 462 que.
468 439 476 447 .
513 439 520 447 .
557 405 593 447 .2
633 421 712 448 con
746 439 754 448 .
791 440 799 448 .
835 406 872 448 ,3
904 406 1102 448 adsidue⁴
1137 439 1145 448 .
1182 440 1190 448 .
1226 439 1234 447 .
1271 440 1279 447 .
1320 421 1497 448 munera
1533 407 1672 449 obires
1705 440 1714 449 .
1749 439 1760 450 .
1794 407 1832 449 .⁵

306 489 396 517 cum
426 478 583 516 honore
612 474 896 529 provinciales
925 475 1135 517 tractare:
1167 476 1215 516 ut
1235 489 1382 517 verum
1412 474 1469 516 sit
1499 475 1610 529 quod
1641 474 1832 530 antiqui⁸

307 545 470 585 veteres
501 543 718 584 dixerant:
749 546 825 586 τοῦ
849 543 982 586 αὐτοῦ
1014 543 1123 586 εἶναι
1153 544 1219 585 καὶ
1249 543 1413 587 παίζειν
1444 543 1510 584 καὶ
1541 542 1792 588 επουδάζειν
1805 542 1831 585 ⁷.

307 611 611 653 Valerianum8
645 644 653 652 .
689 643 698 652 .
738 611 875 652 bonus
918 611 952 652 si
996 644 1005 652 .
1041 644 1049 652 .
1089 610 1162 652 bui
1200 610 1449 653 studebam⁰
1493 643 1501 652 .
1538 644 1546 652 .
1589 610 1831 653 conclusus:

307 694 386 721 nec
416 694 483 721 me
513 678 769 721 Valerianus
806 680 954 720 noster
983 679 1125 721 videre
1161 679 1317 734 potuit.
1379 679 1419 720 A
1449 678 1645 721 Dominis
1674 678 1834 720 nostris

306 747 633 802 imperatoribus
662 761 750 789 non
780 749 954 802 propter
985 747 1100 789 aliud
1131 747 1264 789 amari
1294 762 1361 789 me
1391 749 1513 803 opto,
1554 761 1683 802 quam
1711 748 1761 788 ut
1789 747 1832 788 te

306 829 472 870 quoque
509 815 763 870 participem
799 815 882 857 mei
929 815 1116 870 corporis
1156 817 1199 857 et
1237 815 1367 857 animi
1407 815 1613 871 diligant:
1664 816 1707 857 et
1737 829 1833 857 cum

306 883 499 925 bonitate
529 897 675 924 eorum
706 884 846 935 certus
877 897 970 924 sum
1000 883 1062 925 ita
1091 884 1195 925 fore.

420 950 557 1000 Quom
587 950 667 992 tibi
698 950 940 1006 scriberem,
973 951 1101 1006 paulo
1133 952 1392 993 commodius
1422 940 1629 993 valebam.
1678 950 1833 992 Adhuc

306 1019 477 1075 quidem
508 1033 556 1060 eo
587 1020 779 1074 tempore
810 1033 927 1060 eram
958 1034 1008 1061 ex
1029 1018 1283 1074 longissima
1302 1034 1397 1060 mea
1417 1018 1672 1073 valetudine,
1705 1033 1833 1073 quam

308 1090 457 1130 contra
489 1102 634 1129 curam
646 1087 679 1114 ¹⁰
712 1120 721 1129 .
757 1120 766 1129 .
801 1120 810 1128 .
844 1086 1015 1142 aeque¹¹
1052 1120 1061 1129 .
1098 1120 1106 1128 .
1142 1120 1151 1128 .
1191 1087 1302 1128 male
1340 1086 1545 1129 mulcavit
1581 1085 1757 1128 recitavi
1786 1085 1833 1127 in

287 1158 459 1198 ‘senatu
489 1155 593 1198 satis
606 1156 638 1181 ¹²
663 1188 671 1196 .
698 1188 705 1196 .
742 1188 750 1197 .
784 1157 1022 1210 repeterem
1051 1155 1352 1210 postularetur.
1399 1155 1498 1210 Fac,
1531 1154 1589 1196 mi
1619 1153 1830 1209 Naucelli,

305 1223 564 1266 valetudinis
608 1225 708 1265 tuae
753 1238 899 1264 curam
929 1237 1054 1279 agas,
1102 1225 1150 1265 ut
1186 1223 1311 1264 fortis
1350 1223 1403 1264 ad
1440 1237 1518 1264 nos
1555 1222 1715 1265 venias.
1776 1221 1833 1264 Di

304 1292 602 1347 praestabunt,
642 1292 690 1332 ut
719 1305 786 1332 me
824 1305 990 1346 quoque
1027 1291 1131 1332 forti
1163 1290 1515 1333 culuminvenias.
1576 1290 1832 1332 Valerianus

305 1360 361 1403 N.
393 1373 575 1415 magnas
607 1359 659 1400 ad
689 1360 732 1400 te
762 1358 914 1414 plagas
952 1358 1141 1413 rettulit,
1184 1373 1289 1414 quas
1328 1358 1381 1400 ab
1411 1358 1653 1400 omnibus¹3
1686 1391 1695 1400 .
1731 1391 1740 1400 .

305 1428 479 1484 gravius
525 1441 621 1468 eum
664 1427 847 1468 tractavi
885 1441 1013 1482 quam
1044 1426 1353 1469 Stratonabian
1401 1425 1491 1483 [aut
1535 1426 1829 1482 Pyrallum]¹⁴.

306 1496 509 1551 Stragula
554 1494 659 1535 mihi
712 1494 828 1536 linea
872 1494 1039 1550 sculpta
1083 1492 1209 1551 q[uae
1253 1493 1464 1551 germani]
1507 1527 1516 1535 .
1559 1527 1741 1535 .....

307 1595 577 1607 .......
593 1562 644 1617 1¹⁶
716 1562 873 1604 Munus
905 1562 986 1604 hoc
1016 1562 1069 1604 ab
1099 1562 1277 1604 ineunte
1309 1563 1449 1604 aetate
1479 1562 1727 1617 infrequens
1757 1561 1831 1603 ha-

305 1632 377 1674 bui
416 1633 459 1674 et
497 1645 632 1685 paene
670 1631 962 1686 neglectuma:
1005 1645 1086 1672 nec
1123 1629 1348 1685 quisquam
1389 1631 1454 1671 est
1491 1629 1712 1671 hominum
1748 1628 1832 1672 Ro-

419 1736 441 1760 a
466 1727 510 1758 In
533 1725 700 1767 margine:
724 1721 857 1756 Munus
881 1742 925 1746 ——
949 1721 1169 1765 neglectum.

419 1797 437 1828 1
463 1792 551 1828 Cod.
578 1803 633 1836 pr.
660 1802 709 1824 m.
734 1803 815 1827 rem.

417 1855 437 1886 2
464 1848 602 1895 Supple
629 1852 669 1882 12
694 1847 754 1883 vel
779 1850 821 1881 14
844 1845 999 1880 litteras.

418 1912 438 1943 3
464 1905 603 1951 Supple
626 1904 786 1940 totidem
808 1902 964 1938 litteras.

418 1967 439 1998 4
465 1962 603 2007 Supple
628 1972 692 1996 sex
715 1960 874 1995 litteras.

419 2024 439 2055 5
465 2018 602 2063 Supple
628 2018 756 2052 decem
781 2016 935 2051 litteras.

418 2081 438 2111 6
462 2076 521 2110 An
546 2077 676 2110 Attici?
723 2075 960 2107 Buttmannus.

419 2137 438 2168 7
464 2131 598 2166 Cetera
622 2129 780 2165 conferri
805 2141 878 2164 non
902 2129 1113 2173 potuerunt.
1149 2128 1202 2163 De
1221 2129 1343 2163 verbis
1361 2129 1504 2164 παίζειν
1529 2130 1588 2162 καὶ
1613 2128 1830 2164 (πουδάζειν

305 2190 379 2226 vid.
408 2188 567 2225 Cobetus
593 2187 679 2229 Λὸγ.
707 2188 802 2229 Ἑρμ.
829 2197 864 2230 p.
892 2188 968 2219 214.

417 2249 439 2280 8
462 2244 682 2280 Valerianus
705 2241 776 2276 fuit
798 2240 1004 2276 Pertinacis
1028 2241 1219 2285 magister.
1254 2240 1306 2275 Cf.
1333 2241 1426 2286 Imp.
1452 2240 1530 2275 vita
1554 2252 1582 2275 c.
1614 2244 1664 2275 12.
1701 2243 1826 2275 Maius.

420 2306 440 2337 9
465 2301 506 2335 In
530 2300 587 2334 his
609 2298 750 2334 lacunis
774 2298 894 2333 latent
917 2308 1044 2332 versus
1071 2298 1166 2332 octo.
1201 2297 1287 2331 Mox
1311 2297 1542 2333 Ecksteim'us
1566 2307 1635 2342 pro
1660 2310 1731 2332 eum
1754 2308 1830 2332 ma-

307 2359 386 2396 vult
407 2364 473 2394 iam
497 2360 656 2392 bonitate.

401 2419 442 2450 10
466 2413 604 2459 Supple
628 2423 786 2447 versum.
840 2413 966 2446 Maius.

400 2475 438 2506 11
464 2469 557 2505 Exin
581 2480 709 2505 versus
734 2468 863 2503 decem
885 2467 963 2513 legi
986 2469 1183 2512 nequeunt.
1234 2470 1360 2502 Maius.

400 2532 440 2563 12
468 2527 606 2572 Supple
630 2525 722 2560 duos
746 2535 883 2560 versus.
931 2528 1058 2560 Maius.

399 2589 441 2621 13
466 2583 604 2629 Supple
629 2582 764 2617 iterum
789 2581 880 2617 duos
904 2592 1042 2617 versus.
1085 2582 1211 2617 Maius.

400 2645 442 2676 14
464 2640 632 2676 Monstra
643 2638 857 2674 viderentur
869 2637 962 2673 haec
974 2637 1166 2680 vocabula,
1193 2636 1264 2671 nisi
1280 2636 1448 2672 Paralius
1465 2637 1562 2671 esset
1574 2635 1671 2670 inter
1688 2635 1828 2670 occisos

308 2711 330 2733 a
344 2696 546 2733 Commodo
561 2695 718 2741 Capitol.
734 2706 762 2730 c.
773 2698 811 2737 43
825 2695 906 2729 tum
918 2705 1005 2729 vero
1018 2693 1181 2739 Pyr-allis
1190 2694 1228 2728 et
1242 2693 1410 2738 Pyrallus
1422 2692 1461 2727 in
1476 2691 1642 2737 inscript.
1658 2702 1716 2736 ap.
1733 2691 1826 2726 Gru-

307 2755 375 2789 ter.
399 2755 437 2789 et
448 2753 584 2788 Murat.
610 2752 704 2787 Item
717 2750 886 2796 Pyralius
905 2750 1043 2796 legitur
1062 2749 1162 2795 apud
1179 2749 1352 2785 Photium
1367 2749 1447 2785 cod.
1471 2753 1533 2785 187
1547 2761 1583 2794 p.
1598 2752 1674 2783 461.
1702 2750 1828 2784 Maius.

401 2814 442 2845 15
467 2809 604 2854 Supple
628 2819 756 2844 versus
781 2807 920 2843 decem.
971 2809 1097 2843 Maius.

402 2869 442 2900 16
467 2864 640 2909 Sequitur
665 2864 751 2900 Cod.
778 2876 814 2908 p.
841 2867 917 2906 279,
942 2862 1107 2898 evanida.
