1968 3158
475 165 540 202 AD
564 166 612 202 M.
640 166 934 203 ANTONINUM
960 166 1023 202 DE
1049 165 1369 211 ELOQUENTlA.
1612 169 1688 226 151

270 279 381 324 Tum
418 280 452 322 si
492 280 662 336 quando
692 281 772 324 tibi
804 281 991 337 negotiis
1023 280 1220 323 districto
1251 281 1492 338 perpetuis¹
1537 281 1691 326 oratio-

156 348 225 393 nis
255 348 595 402 conscribiuulae
625 352 794 405 tempus
826 349 1005 404 deesset,
1037 363 1182 391 nonne
1203 351 1246 391 te
1267 349 1569 394 tumultuaris²
1600 349 1690 405 qui—

157 416 337 473 busdam
367 419 411 460 et
440 416 687 480 lucrativis³
717 417 955 460 studiorum
995 416 1164 459 solaciis
1205 416 1463 472 fulciebas·‚
1505 431 1691 473 synony-

155 485 238 528 mis
268 484 535 541 colligendis,
568 484 708 528 verbis
738 484 955 528 interdum
976 484 1269 540 singularibus
1290 485 1587 541 requirendis?
1617 485 1691 528 ut⁴

155 557 349 596 veterum
385 554 616 607 commata,
663 554 712 595 ut
757 552 878 595 cola⁶
915 553 1266 608 synonimorumb
1306 554 1472 595 ratione
1518 567 1690 596 conver-

154 621 290 676 teres,
323 623 371 664 ut
400 621 452 664 de
481 620 728 676 vulgaribus
759 619 998 676 elegantia,
1039 620 1091 663 de
1122 621 1428 664 contaminatis
1458 635 1570 664 nova
1600 621 1690 663 red-

155 689 276 732 deres
286 698 316 744 ⁰,
362 688 597 745 imaginem
634 687 822 744 aliquam
860 688 1223 743 accommodares,
1271 690 1455 745 figuram
1492 689 1688 744 iniceres,

154 756 297 813 prisco
328 756 456 799 verbo
477 756 722 810 adornares,
757 755 941 798 colorem
960 756 1229 800 vetusculum
1250 756 1520 812 adpingeres.
1570 756 1690 800 Haec

154 824 190 867 si
219 826 446 880 propterea
477 824 737 879 contemnis,
781 824 882 880 quia
918 824 1128 879 didicisti,
1168 823 1484 880 philosophiam
1523 839 1690 881 quoque

153 891 356 935 discendo
386 894 648 935 contemnes.

267 958 350 1003 Sed
370 974 458 1003 non
479 975 530 1003 ea
550 963 653 1003 sunt
680 960 764 1003 ista
784 974 893 1016 quae
922 959 1060 1016 possis
1091 961 1386 1003 contemnere:
1417 960 1554 1015 possis
1585 975 1688 1003 sane

152 1042 242 1071 non
272 1043 428 1071 amare.
470 1028 531 1071 Ut
559 1028 662 1071 olim
691 1028 870 1072 Crassus
900 1027 1038 1070 tristis
1068 1028 1202 1070 risum
1232 1029 1430 1083 oderat⁶3
1462 1030 1511 1071 ut
1540 1031 1688 1071 nostra

152 1096 223 1139 hic
253 1096 457 1139 memoria
487 1096 690 1140 Crassus⁷
711 1097 851 1139 lucem
878 1095 1134 1152 fugitavitd3
1165 1099 1214 1139 ut
1243 1098 1392 1139 nostra
1422 1096 1571 1139 itidem
1601 1112 1686 1138 me*

152 1164 288 1208 moria
324 1164 390 1207 vir
420 1164 655 1207 consularis
688 1178 860 1220 campos
889 1163 1172 1219 formidabat,
1212 1164 1456 1220 pomtinum
1488 1178 1686 1218 campum

154 1265 687 1275 .............
701 1232 738 1288 13
771 1265 780 1274 .
815 1265 824 1274 .
859 1265 869 1274 .
931 1231 1003 1274 An
1041 1231 1123 1274 tibi
1161 1246 1288 1287 saepe
1329 1265 1338 1274 .
1373 1265 1381 1274 .
1414 1232 1601 1287 supersit
1632 1266 1640 1274 .
1676 1266 1684 1274 .

151 1302 297 1343 tamen
328 1299 361 1343 si
394 1299 572 1343 dixisses
602 1314 927 1356 nonnumquam
959 1333 968 1342 .
1003 1333 1012 1342 .
1045 1299 1149 1343 satis
1181 1299 1468 1343 consuluisses
1501 1334 1509 1342 .
1535 1333 1543 1342 .
1572 1300 1649 1342 is.
1675 1334 1684 1342 .
1713 1344 1722 1348 ,

151 1383 282 1424 supra
313 1402 322 1410 .
355 1402 364 1411 .
397 1367 537 1411 adhuc
568 1401 577 1411 .
613 1401 622 1410 .
653 1368 838 1410 modum.
898 1367 1060 1410 Verum
1100 1368 1230 1410 etiam
1265 1382 1392 1423 saepe
1422 1368 1488 1410 vir
1518 1368 1685 1423 sapien-

151 1436 340 1479 tissimus
373 1469 381 1478 .
414 1470 423 1478 .
454 1436 594 1479 nescit
622 1450 733 1479 novo
762 1435 891 1491 plane
921 1435 1060 1478 modo.
1122 1434 1205 1478 Sed
1234 1435 1296 1478 ita
1326 1450 1394 1477 res
1424 1435 1648 1478 tulerunt.
1674 1470 1682 1478 .
1749 1475 1755 1480 .

152 1504 203 1547 de
241 1506 369 1560 puteo
400 1518 578 1560 quoque.
638 1503 799 1546 Puteus
843 1503 942 1546 istic
979 1503 1122 1546 minus
1159 1503 1350 1545 sorderet
1381 1537 1389 1545 .
1424 1537 1432 1545 .
1466 1504 1499 1545 si
1538 1503 1600 1545 ita
1631 1537 1639 1545 .
1674 1538 1682 1546 .

151 1571 241 1615 Ver
263 1606 272 1614 .
297 1604 307 1614 .
329 1574 422 1614 tum
451 1571 558 1614 mihi
591 1604 818 1614 ......
850 1571 1124 1627 sentenl9tias
1154 1571 1416 1627 inopinatas,
1449 1571 1544 1613 aliis
1568 1604 1577 1613 .
1604 1605 1612 1613 .
1638 1605 1647 1613 .
1673 1605 1681 1613 .

151 1640 351 1683 tactas¹⁰.
392 1639 533 1682 Tanto
562 1640 699 1682 maius
729 1639 966 1694 periculum
996 1639 1224 1681 sententiis
1255 1639 1382 1693 inest,
1414 1639 1497 1682 nisi
1526 1639 1683 1694 figura—

150 1703 341 1750 tionibus
370 1707 600 1750 moderatis
631 1708 940 1763 temperantur.
983 1706 1160 1749 Graecis
1180 1706 1321 1749 verbis
1351 1707 1533 1749 fortasse
1563 1721 1683 1762 aper-

265 1923 288 1947 a
314 1914 356 1946 ln
379 1914 549 1955 maryine:
574 1910 613 1946 Si
637 1911 785 1957 tempus
810 1910 957 1946 deesset
980 1931 1024 1936 --
1047 1910 1237 1946 fulciebas.

264 1968 287 2003 b
313 1970 359 2003 In
381 1971 548 2013 maryine:
579 1968 747 2003 veterum
773 1967 959 2003 commata
983 1968 1021 2003 et
1045 1966 1127 2002 cola
1150 1967 1439 2012 synonimorum.

263 2036 283 2060 c
307 2027 353 2060 In
375 2028 544 2070 maryine:
571 2025 612 2059 ut
636 2023 682 2059 de
706 2023 923 2069 vulgaribus
947 2043 991 2049 —
1014 2023 1202 2059 redderes.

262 2080 286 2116 d
315 2083 359 2116 In
383 2085 550 2127 margine:
576 2080 732 2116 Crassus
762 2079 880 2115 tristis
911 2080 1023 2115 risum
1063 2079 1211 2124 oderat,
1248 2079 1344 2115 alter
1373 2078 1527 2116 Crassus
1562 2080 1683 2115 minor

152 2138 273 2174 lucem
297 2137 483 2184 fugitavat
506 2137 696 2181 multaque
721 2137 804 2172 loca
828 2137 953 2172 clausa
976 2135 1149 2173 lecticula
1171 2135 1538 2182 praetervehebatur.

266 2312 281 2343 1
309 2308 386 2344 Scr.
411 2315 611 2353 perpetuae.
660 2309 875 2343 Niebuhr-ius.
922 2305 1125 2352 Hauptius:
1147 2310 1316 2351 perpetis.

264 2369 285 2400 2
309 2365 369 2403 Ita
393 2363 527 2399 Codex.
1111 2386 1114 2388 -
1387 2362 1394 2368 '

266 2426 287 2457 3
312 2420 563 2456 Buttmannus
597 2418 703 2455 iubet
732 2420 900 2456 conferre
937 2418 1197 2465 Spaldingium
1231 2418 1279 2455 ad
1310 2417 1460 2461 Quintil.
1491 2418 1533 2454 X.
1563 2423 1593 2454 7,
1625 2423 1678 2454 27.

263 2480 285 2512 4
308 2476 348 2511 F.
375 2483 433 2511 aut
457 2483 522 2512 ut..
552 2478 766 2512 Niebuhr-ius.

264 2535 285 2568 5
310 2531 450 2568 Codex:
475 2536 580 2567 colas.

265 2592 285 2623 6
309 2588 402 2623 Plin.
428 2587 473 2623 N.
497 2587 541 2623 H.
567 2587 646 2623 VII.
675 2584 727 2624 19.
1350 2624 1353 2627 ᾗ

264 2648 284 2680 7
309 2643 494 2690 spartian.
521 2644 635 2680 Hadr.
662 2655 692 2679 c.
719 2647 750 2679 ὅ.
799 2643 869 2678 Dio
894 2643 933 2679 C.
958 2647 1014 2679 68.
1039 2649 1070 2680 3.
1103 2647 1155 2679 16.
1205 2645 1331 2679 Maius.

264 2705 285 2735 8
311 2699 485 2745 Sequitur
509 2700 598 2736 Cod.
622 2712 658 2746 p.
678 2703 756 2743 386,
779 2699 818 2734 in
842 2710 916 2744 qua
939 2699 1049 2736 hodie
1074 2699 1165 2736 nihil
1189 2698 1346 2735 discerni
1371 2701 1495 2746 potest
1517 2701 1681 2746 praeter-

152 2768 263 2802 quam
287 2757 325 2792 in
349 2756 533 2802 margine:
562 2759 612 2792 De
638 2758 806 2792 Amicitia.

264 2817 285 2848 9
308 2812 443 2859 Incipit
467 2812 556 2849 Cod.
582 2824 618 2858 p.
644 2815 727 2856 385,
753 2812 922 2856 obscura,
947 2812 984 2848 in
1010 2824 1084 2858 qua
1108 2824 1297 2860 perpauca
1319 2813 1396 2859 legi
1419 2815 1630 2859 potuerunt.

243 2874 285 2905 10
308 2869 368 2906 lta
391 2868 532 2913 Codex3
561 2868 681 2905 Maius
706 2869 928 2916 eaepectatas.
