<?xml version="1.0" encoding="UTF-8"?>
<!DOCTYPE html PUBLIC "-//W3C//DTD XHTML 1.0 Transitional//EN"
    "http://www.w3.org/TR/xhtml1/DTD/xhtml1-transitional.dtd">
<html xmlns="http://www.w3.org/1999/xhtml" xml:lang="en" lang="en">
 <head>
  <title>
</title>
<meta http-equiv="Content-Type" content="text/html;charset=utf-8" />
  <meta name='ocr-system' content='tesseract 3.04.00' />
  <meta name='ocr-capabilities' content='ocr_page ocr_carea ocr_par ocr_line ocrx_word'/>
</head>
<body>
  <div class='ocr_page' id='page_1' title='image "./mcorneliifronton00fronuoft_0324.png"; bbox 0 0 1968 3158; ppageno 0'>
   <div class='ocr_carea' id='block_1_1' title="bbox 246 141 331 183">
    <p class='ocr_par' dir='ltr' id='par_1_1' title="bbox 246 141 331 183">
     <span class='ocr_line' id='line_1_1' title="bbox 246 141 331 183; baseline 0 0"><span class='ocrx_word' id='word_1_1' title='bbox 246 141 331 183; x_wconf 87' lang='grc'>284</span> 
     </span>
    </p>
   </div>
   <div class='ocr_carea' id='block_1_2' title="bbox 702 142 1320 181">
    <p class='ocr_par' dir='ltr' id='par_1_2' title="bbox 702 142 1320 181">
     <span class='ocr_line' id='line_1_2' title="bbox 702 142 1320 181; baseline 0.005 -3"><span class='ocrx_word' id='word_1_2' title='bbox 702 142 892 178; x_wconf 85' lang='lat' dir='ltr'>INDICES</span> <span class='ocrx_word' id='word_1_3' title='bbox 917 142 983 178; x_wconf 94' lang='lat' dir='ltr'>AD</span> <span class='ocrx_word' id='word_1_4' title='bbox 1007 143 1320 181; x_wconf 73' lang='lat' dir='ltr'>FRONTONEM.</span> 
     </span>
    </p>
   </div>
   <div class='ocr_carea' id='block_1_3' title="bbox 607 253 1350 462">
    <p class='ocr_par' dir='ltr' id='par_1_3' title="bbox 607 253 1350 356">
     <span class='ocr_line' id='line_1_3' title="bbox 607 253 1350 293; baseline 0.005 -4"><span class='ocrx_word' id='word_1_5' title='bbox 607 253 704 289; x_wconf 84' lang='lat' dir='ltr'>Edit.</span> <span class='ocrx_word' id='word_1_6' title='bbox 732 254 838 290; x_wconf 85' lang='lat' dir='ltr'>Rom.</span> <span class='ocrx_word' id='word_1_7' title='bbox 1062 271 1067 275; x_wconf 76' lang='lat'><em>,</em></span> <span class='ocrx_word' id='word_1_8' title='bbox 1134 256 1232 292; x_wconf 88' lang='lat' dir='ltr'>Edit.</span> <span class='ocrx_word' id='word_1_9' title='bbox 1258 256 1350 293; x_wconf 90' lang='lat' dir='ltr'>Nov.</span> 
     </span>
     <span class='ocr_line' id='line_1_4' title="bbox 708 310 1308 356; baseline 0.005 -10"><span class='ocrx_word' id='word_1_10' title='bbox 708 310 824 356; x_wconf 86' lang='lat' dir='ltr'>Epist.</span> <span class='ocrx_word' id='word_1_11' title='bbox 851 311 899 347; x_wconf 81' lang='lat' dir='ltr'>ad</span> <span class='ocrx_word' id='word_1_12' title='bbox 923 311 971 346; x_wconf 91' lang='lat' dir='ltr'>M.</span> <span class='ocrx_word' id='word_1_13' title='bbox 999 311 1308 349; x_wconf 48' lang='lat' dir='ltr'>ans.1V&#39;5—21.</span> 
     </span>
    </p>

    <p class='ocr_par' dir='ltr' id='par_1_4' title="bbox 761 368 1332 414">
     <span class='ocr_line' id='line_1_5' title="bbox 761 368 1332 414; baseline 0.005 -12"><span class='ocrx_word' id='word_1_14' title='bbox 761 387 773 393; x_wconf 90' lang='lat'><em>-</em></span> <span class='ocrx_word' id='word_1_15' title='bbox 869 388 882 393; x_wconf 94' lang='lat'>—</span> <span class='ocrx_word' id='word_1_16' title='bbox 930 368 1103 404; x_wconf 87' lang='lat' dir='ltr'>Antonin.</span> <span class='ocrx_word' id='word_1_17' title='bbox 1128 369 1168 405; x_wconf 95' lang='lat' dir='ltr'>P.</span> <span class='ocrx_word' id='word_1_18' title='bbox 1188 372 1223 414; x_wconf 87' lang='lat'>5,</span> <span class='ocrx_word' id='word_1_19' title='bbox 1243 373 1275 413; x_wconf 84' lang='lat'>6,</span> <span class='ocrx_word' id='word_1_20' title='bbox 1300 373 1332 405; x_wconf 88' lang='lat'>8.</span> 
     </span>
    </p>

    <p class='ocr_par' dir='ltr' id='par_1_5' title="bbox 870 423 1335 462">
     <span class='ocr_line' id='line_1_6' title="bbox 870 423 1335 462; baseline 0.006 -3"><span class='ocrx_word' id='word_1_21' title='bbox 870 444 882 449; x_wconf 90' lang='lat'><em>—</em></span> <span class='ocrx_word' id='word_1_22' title='bbox 930 423 980 459; x_wconf 92' lang='lat' dir='ltr'>M.</span> <span class='ocrx_word' id='word_1_23' title='bbox 999 424 1100 460; x_wconf 82' lang='lat' dir='ltr'><strong>Caes.</strong></span> <span class='ocrx_word' id='word_1_24' title='bbox 1126 425 1158 460; x_wconf 91' lang='lat' dir='ltr'><strong>V</strong></span> <span class='ocrx_word' id='word_1_25' title='bbox 1190 429 1335 462; x_wconf 78' lang='lat'>22—29.</span> 
     </span>
    </p>
   </div>
   <div class='ocr_carea' id='block_1_4' title="bbox 910 574 1112 583">
    <p class='ocr_par' dir='ltr' id='par_1_6' title="bbox 910 574 1112 583">
     <span class='ocr_line' id='line_1_7' title="bbox 910 574 1112 583; baseline 0 0"><span class='ocrx_word' id='word_1_26' title='bbox 910 574 1112 583; x_wconf 95' lang='lat' dir='ltr'> </span> 
     </span>
    </p>
   </div>
   <div class='ocr_carea' id='block_1_5' title="bbox 498 481 1531 807">
    <p class='ocr_par' dir='ltr' id='par_1_7' title="bbox 498 481 1531 800">
     <span class='ocr_line' id='line_1_8' title="bbox 1038 481 1255 518; baseline 0 0"><span class='ocrx_word' id='word_1_27' title='bbox 1038 501 1050 509; x_wconf 85' lang='lat'><em>-</em></span> <span class='ocrx_word' id='word_1_28' title='bbox 1127 481 1178 518; x_wconf 92' lang='lat' dir='ltr'>IV</span> <span class='ocrx_word' id='word_1_29' title='bbox 1203 486 1255 518; x_wconf 89' lang='lat'>13.</span> 
     </span>
     <span class='ocr_line' id='line_1_9' title="bbox 900 651 1116 687; baseline 0.005 -1"><span class='ocrx_word' id='word_1_30' title='bbox 900 651 943 686; x_wconf 92' lang='lat' dir='ltr'>A.</span> <span class='ocrx_word' id='word_1_31' title='bbox 969 651 1013 686; x_wconf 93' lang='lat' dir='ltr'>D.</span> <span class='ocrx_word' id='word_1_32' title='bbox 1042 655 1116 687; x_wconf 88' lang='grc'><strong>161.</strong></span> 
     </span>
     <span class='ocr_line' id='line_1_10' title="bbox 498 704 1521 753; baseline 0.005 -14"><span class='ocrx_word' id='word_1_33' title='bbox 498 704 615 750; x_wconf 88' lang='lat' dir='ltr'>Epist.</span> <span class='ocrx_word' id='word_1_34' title='bbox 643 705 691 740; x_wconf 83' lang='lat' dir='ltr'>ad</span> <span class='ocrx_word' id='word_1_35' title='bbox 714 705 853 742; x_wconf 85' lang='lat' dir='ltr'>Verum</span> <span class='ocrx_word' id='word_1_36' title='bbox 877 706 911 742; x_wconf 91' lang='grc' dir='ltr'>ΙΙ</span> <span class='ocrx_word' id='word_1_37' title='bbox 937 711 1048 742; x_wconf 81' lang='grc'><strong>12-</strong></span> <span class='ocrx_word' id='word_1_38' title='bbox 1002 734 1048 739; x_wconf 84' lang='grc'><strong>.-</strong></span> <span class='ocrx_word' id='word_1_39' title='bbox 1069 707 1186 753; x_wconf 83' lang='lat' dir='ltr'>Epist.</span> <span class='ocrx_word' id='word_1_40' title='bbox 1214 708 1261 744; x_wconf 81' lang='lat' dir='ltr'>ad</span> <span class='ocrx_word' id='word_1_41' title='bbox 1285 708 1424 744; x_wconf 83' lang='lat' dir='ltr'>Verum</span> <span class='ocrx_word' id='word_1_42' title='bbox 1447 709 1463 743; x_wconf 93' lang='lat' dir='ltr'>I</span> <span class='ocrx_word' id='word_1_43' title='bbox 1489 714 1521 745; x_wconf 83' lang='lat'>3.</span> 
     </span>
     <span class='ocr_line' id='line_1_11' title="bbox 785 764 1531 807; baseline 0.003 -9"><span class='ocrx_word' id='word_1_44' title='bbox 785 784 797 789; x_wconf 92' lang='lat'>-</span> <span class='ocrx_word' id='word_1_45' title='bbox 832 767 891 807; x_wconf 87' lang='lat'>13,</span> <span class='ocrx_word' id='word_1_46' title='bbox 915 764 931 799; x_wconf 90' lang='lat' dir='ltr'>I</span> <span class='ocrx_word' id='word_1_47' title='bbox 956 768 1044 799; x_wconf 81' lang='lat'>2—</span> <span class='ocrx_word' id='word_1_48' title='bbox 999 791 1045 795; x_wconf 92' lang='lat'>—</span> <span class='ocrx_word' id='word_1_49' title='bbox 1116 785 1128 791; x_wconf 87' lang='lat'>-</span> <span class='ocrx_word' id='word_1_50' title='bbox 1348 786 1360 791; x_wconf 86' lang='lat'><em>—</em></span> <span class='ocrx_word' id='word_1_51' title='bbox 1500 769 1531 800; x_wconf 71' lang='lat'>4.</span> 
     </span>
    </p>
   </div>
   <div class='ocr_carea' id='block_1_6' title="bbox 777 819 1409 1083">
    <p class='ocr_par' dir='ltr' id='par_1_8' title="bbox 777 819 1409 1083">
     <span class='ocr_line' id='line_1_12' title="bbox 777 819 1227 866; baseline 0.002 -11"><span class='ocrx_word' id='word_1_52' title='bbox 777 819 892 866; x_wconf 84' lang='lat' dir='ltr'>Epist.</span> <span class='ocrx_word' id='word_1_53' title='bbox 919 821 967 856; x_wconf 81' lang='lat' dir='ltr'>ad</span> <span class='ocrx_word' id='word_1_54' title='bbox 990 820 1129 857; x_wconf 82' lang='lat' dir='ltr'>Verum</span> <span class='ocrx_word' id='word_1_55' title='bbox 1154 822 1169 855; x_wconf 94' lang='lat' dir='ltr'>I</span> <span class='ocrx_word' id='word_1_56' title='bbox 1196 825 1227 856; x_wconf 90' lang='lat'>1.</span> 
     </span>
     <span class='ocr_line' id='line_1_13' title="bbox 937 876 1352 921; baseline 0 -8"><span class='ocrx_word' id='word_1_57' title='bbox 937 898 949 903; x_wconf 94' lang='lat'><em>-</em></span> <span class='ocrx_word' id='word_1_58' title='bbox 997 876 1171 913; x_wconf 86' lang='lat' dir='ltr'>Antonin.</span> <span class='ocrx_word' id='word_1_59' title='bbox 1198 877 1352 921; x_wconf 84' lang='lat'><strong>112,1</strong></span> 
     </span>
     <span class='ocr_line' id='line_1_14' title="bbox 935 933 1375 970; baseline 0.002 -2"><span class='ocrx_word' id='word_1_60' title='bbox 935 953 947 958; x_wconf 90' lang='lat'><em>-</em></span> <span class='ocrx_word' id='word_1_61' title='bbox 995 933 1112 969; x_wconf 83' lang='lat' dir='ltr'>Feriis</span> <span class='ocrx_word' id='word_1_62' title='bbox 1136 933 1375 970; x_wconf 84' lang='lat' dir='ltr'>Alsiensibus.</span> 
     </span>
     <span class='ocr_line' id='line_1_15' title="bbox 934 990 1409 1035; baseline 0.004 -10"><span class='ocrx_word' id='word_1_63' title='bbox 934 1010 946 1015; x_wconf 88' lang='lat'>-</span> <span class='ocrx_word' id='word_1_64' title='bbox 994 990 1170 1027; x_wconf 84' lang='lat' dir='ltr'>Antonin.</span> <span class='ocrx_word' id='word_1_65' title='bbox 1195 991 1239 1025; x_wconf 93' lang='lat' dir='ltr'>II.</span> <span class='ocrx_word' id='word_1_66' title='bbox 1266 994 1298 1034; x_wconf 89' lang='lat'>4,</span> <span class='ocrx_word' id='word_1_67' title='bbox 1323 994 1354 1035; x_wconf 85' lang='lat'>5,</span> <span class='ocrx_word' id='word_1_68' title='bbox 1378 995 1409 1027; x_wconf 86' lang='grc'><strong>6.</strong></span> 
     </span>
     <span class='ocr_line' id='line_1_16' title="bbox 933 1046 1377 1083; baseline 0.002 -1"><span class='ocrx_word' id='word_1_69' title='bbox 933 1066 945 1071; x_wconf 86' lang='grc'><strong>-</strong></span> <span class='ocrx_word' id='word_1_70' title='bbox 995 1046 1040 1083; x_wconf 87' lang='lat' dir='ltr'>de</span> <span class='ocrx_word' id='word_1_71' title='bbox 1064 1047 1168 1083; x_wconf 85' lang='lat' dir='ltr'>Beno</span> <span class='ocrx_word' id='word_1_72' title='bbox 1193 1046 1377 1083; x_wconf 74' lang='lat' dir='ltr'>Parthico.</span> 
     </span>
    </p>
   </div>
   <div class='ocr_carea' id='block_1_7' title="bbox 737 1160 1354 1433">
    <p class='ocr_par' dir='ltr' id='par_1_9' title="bbox 737 1160 1354 1433">
     <span class='ocr_line' id='line_1_17' title="bbox 901 1160 1117 1196; baseline 0.005 -2"><span class='ocrx_word' id='word_1_73' title='bbox 901 1160 942 1194; x_wconf 92' lang='lat' dir='ltr'>A.</span> <span class='ocrx_word' id='word_1_74' title='bbox 970 1160 1013 1195; x_wconf 91' lang='lat' dir='ltr'>D.</span> <span class='ocrx_word' id='word_1_75' title='bbox 1042 1163 1117 1196; x_wconf 83' lang='grc'><strong>162.</strong></span> 
     </span>
     <span class='ocr_line' id='line_1_18' title="bbox 737 1215 1292 1261; baseline 0.004 -11"><span class='ocrx_word' id='word_1_76' title='bbox 737 1215 852 1261; x_wconf 85' lang='lat' dir='ltr'>Epist.</span> <span class='ocrx_word' id='word_1_77' title='bbox 879 1216 928 1251; x_wconf 84' lang='lat' dir='ltr'>ad</span> <span class='ocrx_word' id='word_1_78' title='bbox 950 1216 1124 1252; x_wconf 77' lang='lat' dir='ltr'>Antonin.</span> <span class='ocrx_word' id='word_1_79' title='bbox 1151 1218 1167 1252; x_wconf 96' lang='lat' dir='ltr'>I</span> <span class='ocrx_word' id='word_1_80' title='bbox 1193 1221 1231 1260; x_wconf 86' lang='grc'>1,</span> <span class='ocrx_word' id='word_1_81' title='bbox 1262 1222 1292 1252; x_wconf 81' lang='lat'>2.</span> 
     </span>
     <span class='ocr_line' id='line_1_19' title="bbox 886 1272 1190 1318; baseline 0.003 -11"><span class='ocrx_word' id='word_1_82' title='bbox 886 1272 932 1307; x_wconf 83' lang='lat' dir='ltr'>de</span> <span class='ocrx_word' id='word_1_83' title='bbox 956 1273 1190 1318; x_wconf 69' lang='lat' dir='ltr'>Eloquentia.</span> 
     </span>
     <span class='ocr_line' id='line_1_20' title="bbox 901 1329 1211 1365; baseline 0.003 -1"><span class='ocrx_word' id='word_1_84' title='bbox 901 1349 912 1353; x_wconf 96' lang='lat'><em>-</em></span> <span class='ocrx_word' id='word_1_85' title='bbox 962 1329 1211 1365; x_wconf 75' lang='lat' dir='ltr'>Orationibus.</span> 
     </span>
     <span class='ocr_line' id='line_1_21' title="bbox 888 1385 1354 1433; baseline 0.002 -13"><span class='ocrx_word' id='word_1_86' title='bbox 888 1385 935 1421; x_wconf 80' lang='lat' dir='ltr'>ad</span> <span class='ocrx_word' id='word_1_87' title='bbox 961 1386 1099 1421; x_wconf 84' lang='lat' dir='ltr'>Verum</span> <span class='ocrx_word' id='word_1_88' title='bbox 1122 1386 1157 1421; x_wconf 92' lang='lat' dir='ltr'>II</span> <span class='ocrx_word' id='word_1_89' title='bbox 1182 1390 1214 1430; x_wconf 87' lang='lat'>8,</span> <span class='ocrx_word' id='word_1_90' title='bbox 1241 1390 1272 1430; x_wconf 88' lang='grc'>6,</span> <span class='ocrx_word' id='word_1_91' title='bbox 1299 1391 1329 1422; x_wconf 83' lang='lat'>2.</span> <span class='ocrx_word' id='word_1_92' title='bbox 1351 1431 1354 1433; x_wconf 18' lang='lat' dir='ltr'>q</span> 
     </span>
    </p>
   </div>
   <div class='ocr_carea' id='block_1_8' title="bbox 652 1499 1336 1602">
    <p class='ocr_par' dir='ltr' id='par_1_10' title="bbox 652 1499 1336 1602">
     <span class='ocr_line' id='line_1_22' title="bbox 902 1499 1118 1534; baseline 0 0"><span class='ocrx_word' id='word_1_93' title='bbox 902 1499 944 1534; x_wconf 91' lang='lat' dir='ltr'>A.</span> <span class='ocrx_word' id='word_1_94' title='bbox 971 1499 1015 1534; x_wconf 92' lang='lat' dir='ltr'>D.</span> <span class='ocrx_word' id='word_1_95' title='bbox 1043 1502 1118 1534; x_wconf 81' lang='lat'>163.</span> 
     </span>
     <span class='ocr_line' id='line_1_23' title="bbox 652 1554 1336 1602; baseline 0.003 -13"><span class='ocrx_word' id='word_1_96' title='bbox 652 1554 771 1601; x_wconf 86' lang='lat' dir='ltr'>Epist.</span> <span class='ocrx_word' id='word_1_97' title='bbox 799 1555 847 1590; x_wconf 81' lang='lat' dir='ltr'>ad.</span> <span class='ocrx_word' id='word_1_98' title='bbox 870 1556 1006 1591; x_wconf 89' lang='lat' dir='ltr'>Anton.</span> <span class='ocrx_word' id='word_1_99' title='bbox 1032 1556 1125 1602; x_wconf 88' lang='lat' dir='ltr'>Imp.</span> <span class='ocrx_word' id='word_1_100' title='bbox 1151 1556 1167 1591; x_wconf 93' lang='lat' dir='ltr'>I</span> <span class='ocrx_word' id='word_1_101' title='bbox 1192 1560 1224 1599; x_wconf 87' lang='lat'>3,</span> <span class='ocrx_word' id='word_1_102' title='bbox 1247 1559 1280 1599; x_wconf 89' lang='lat'>4,</span> <span class='ocrx_word' id='word_1_103' title='bbox 1305 1559 1336 1592; x_wconf 86' lang='lat'>5.</span> 
     </span>
    </p>
   </div>
   <div class='ocr_carea' id='block_1_9' title="bbox 527 1669 1499 2224">
    <p class='ocr_par' dir='ltr' id='par_1_11' title="bbox 527 1669 1499 2224">
     <span class='ocr_line' id='line_1_24' title="bbox 903 1669 1119 1704; baseline 0 0"><span class='ocrx_word' id='word_1_104' title='bbox 903 1669 946 1704; x_wconf 92' lang='lat' dir='ltr'>A.</span> <span class='ocrx_word' id='word_1_105' title='bbox 972 1669 1017 1704; x_wconf 92' lang='lat' dir='ltr'>D.</span> <span class='ocrx_word' id='word_1_106' title='bbox 1044 1672 1119 1704; x_wconf 82' lang='lat'>165.</span> 
     </span>
     <span class='ocr_line' id='line_1_25' title="bbox 778 1725 1246 1771; baseline 0 -11"><span class='ocrx_word' id='word_1_107' title='bbox 778 1725 893 1771; x_wconf 89' lang='lat' dir='ltr'>Epist.</span> <span class='ocrx_word' id='word_1_108' title='bbox 921 1725 969 1762; x_wconf 82' lang='lat' dir='ltr'>ad</span> <span class='ocrx_word' id='word_1_109' title='bbox 993 1725 1133 1761; x_wconf 79' lang='lat' dir='ltr'>Verum</span> <span class='ocrx_word' id='word_1_110' title='bbox 1157 1726 1191 1760; x_wconf 92' lang='lat' dir='ltr'>II</span> <span class='ocrx_word' id='word_1_111' title='bbox 1218 1729 1246 1760; x_wconf 84' lang='lat'>1.</span> 
     </span>
     <span class='ocr_line' id='line_1_26' title="bbox 947 1782 1297 1818; baseline 0 -1"><span class='ocrx_word' id='word_1_112' title='bbox 947 1803 959 1808; x_wconf 93' lang='lat'><em>-</em></span> <span class='ocrx_word' id='word_1_113' title='bbox 1007 1782 1184 1818; x_wconf 85' lang='lat' dir='ltr'>Antonin:</span> <span class='ocrx_word' id='word_1_114' title='bbox 1207 1783 1242 1817; x_wconf 92' lang='lat' dir='ltr'>II</span> <span class='ocrx_word' id='word_1_115' title='bbox 1267 1788 1297 1818; x_wconf 84' lang='lat'>3.</span> 
     </span>
     <span class='ocr_line' id='line_1_27' title="bbox 946 1839 1260 1875; baseline 0.003 -1"><span class='ocrx_word' id='word_1_116' title='bbox 946 1860 958 1864; x_wconf 98' lang='lat'>-</span> <span class='ocrx_word' id='word_1_117' title='bbox 1007 1839 1146 1874; x_wconf 85' lang='lat' dir='ltr'>Verum</span> <span class='ocrx_word' id='word_1_118' title='bbox 1170 1839 1204 1874; x_wconf 92' lang='lat' dir='ltr'>II</span> <span class='ocrx_word' id='word_1_119' title='bbox 1230 1843 1260 1875; x_wconf 85' lang='grc'><strong>7.</strong></span> 
     </span>
     <span class='ocr_line' id='line_1_28' title="bbox 947 1895 1353 1940; baseline 0.002 -10"><span class='ocrx_word' id='word_1_120' title='bbox 947 1917 954 1922; x_wconf 86' lang='grc'>-</span> <span class='ocrx_word' id='word_1_121' title='bbox 1006 1895 1181 1931; x_wconf 88' lang='lat' dir='ltr'>Antonin.</span> <span class='ocrx_word' id='word_1_122' title='bbox 1209 1897 1242 1931; x_wconf 94' lang='lat' dir='ltr'>II</span> <span class='ocrx_word' id='word_1_123' title='bbox 1268 1900 1299 1940; x_wconf 83' lang='lat'>7,</span> <span class='ocrx_word' id='word_1_124' title='bbox 1322 1902 1353 1933; x_wconf 91' lang='lat'>8.</span> 
     </span>
     <span class='ocr_line' id='line_1_29' title="bbox 933 1952 1327 1998; baseline 0 -11"><span class='ocrx_word' id='word_1_125' title='bbox 933 1952 978 1988; x_wconf 86' lang='lat' dir='ltr'>de</span> <span class='ocrx_word' id='word_1_126' title='bbox 1002 1952 1148 1998; x_wconf 83' lang='lat' dir='ltr'>Nepote</span> <span class='ocrx_word' id='word_1_127' title='bbox 1172 1952 1327 1988; x_wconf 83' lang='lat' dir='ltr'>Amisso.</span> 
     </span>
     <span class='ocr_line' id='line_1_30' title="bbox 930 2009 1400 2053; baseline 0 -8"><span class='ocrx_word' id='word_1_128' title='bbox 930 2009 978 2045; x_wconf 78' lang='lat' dir='ltr'>ad</span> <span class='ocrx_word' id='word_1_129' title='bbox 1001 2009 1141 2044; x_wconf 85' lang='lat' dir='ltr'>Verum</span> <span class='ocrx_word' id='word_1_130' title='bbox 1165 2010 1199 2044; x_wconf 89' lang='lat' dir='ltr'>II</span> <span class='ocrx_word' id='word_1_131' title='bbox 1223 2014 1261 2053; x_wconf 96' lang='grc'>9,</span> <span class='ocrx_word' id='word_1_132' title='bbox 1287 2013 1345 2053; x_wconf 90' lang='grc'>10,</span> <span class='ocrx_word' id='word_1_133' title='bbox 1370 2014 1400 2045; x_wconf 89' lang='lat'>3.</span> 
     </span>
     <span class='ocr_line' id='line_1_31' title="bbox 834 2065 1233 2112; baseline 0.003 -12"><span class='ocrx_word' id='word_1_134' title='bbox 834 2065 1022 2112; x_wconf 76' lang='lat' dir='ltr'>Principia</span> <span class='ocrx_word' id='word_1_135' title='bbox 1045 2065 1233 2101; x_wconf 72' lang='lat' dir='ltr'>historiae.</span> 
     </span>
     <span class='ocr_line' id='line_1_32' title="bbox 838 2122 1366 2168; baseline 0.002 -12"><span class='ocrx_word' id='word_1_136' title='bbox 838 2122 950 2168; x_wconf 84' lang='lat' dir='ltr'>Epist.</span> <span class='ocrx_word' id='word_1_137' title='bbox 977 2122 1026 2157; x_wconf 84' lang='lat' dir='ltr'>ad</span> <span class='ocrx_word' id='word_1_138' title='bbox 1050 2122 1189 2158; x_wconf 85' lang='lat' dir='ltr'>Verum</span> <span class='ocrx_word' id='word_1_139' title='bbox 1213 2123 1247 2157; x_wconf 94' lang='lat' dir='ltr'>II</span> <span class='ocrx_word' id='word_1_140' title='bbox 1271 2126 1308 2163; x_wconf 89' lang='lat'>4,</span> <span class='ocrx_word' id='word_1_141' title='bbox 1335 2126 1366 2157; x_wconf 88' lang='lat'>5.</span> 
     </span>
     <span class='ocr_line' id='line_1_33' title="bbox 527 2177 1499 2224; baseline 0.001 -12"><span class='ocrx_word' id='word_1_142' title='bbox 527 2178 644 2224; x_wconf 81' lang='lat' dir='ltr'>Epist.</span> <span class='ocrx_word' id='word_1_143' title='bbox 672 2178 720 2213; x_wconf 81' lang='lat' dir='ltr'>ad.</span> <span class='ocrx_word' id='word_1_144' title='bbox 743 2177 880 2214; x_wconf 87' lang='lat' dir='ltr'>Verum</span> <span class='ocrx_word' id='word_1_145' title='bbox 906 2179 940 2213; x_wconf 94' lang='lat' dir='ltr'>II</span> <span class='ocrx_word' id='word_1_146' title='bbox 967 2182 1006 2213; x_wconf 88' lang='lat' dir='ltr'>ll</span> <span class='ocrx_word' id='word_1_147' title='bbox 1031 2194 1077 2209; x_wconf 88' lang='lat'><strong><em>=</em></strong></span> <span class='ocrx_word' id='word_1_148' title='bbox 1099 2177 1215 2224; x_wconf 83' lang='lat' dir='ltr'>Epist.</span> <span class='ocrx_word' id='word_1_149' title='bbox 1242 2179 1291 2214; x_wconf 83' lang='lat' dir='ltr'>ad</span> <span class='ocrx_word' id='word_1_150' title='bbox 1315 2178 1399 2213; x_wconf 84' lang='lat' dir='ltr'>Ver.</span> <span class='ocrx_word' id='word_1_151' title='bbox 1428 2179 1445 2213; x_wconf 94' lang='grc' dir='ltr'><strong>Ι</strong></span> <span class='ocrx_word' id='word_1_152' title='bbox 1469 2183 1499 2213; x_wconf 82' lang='grc'><strong>2.</strong></span> 
     </span>
    </p>
   </div>
   <div class='ocr_carea' id='block_1_10' title="bbox 909 2281 1110 2291">
    <p class='ocr_par' dir='ltr' id='par_1_12' title="bbox 909 2281 1110 2291">
     <span class='ocr_line' id='line_1_34' title="bbox 909 2281 1110 2291; baseline 0 0"><span class='ocrx_word' id='word_1_153' title='bbox 909 2281 1110 2291; x_wconf 95' lang='lat' dir='ltr'> </span> 
     </span>
    </p>
   </div>
   <div class='ocr_carea' id='block_1_11' title="bbox 778 2364 1249 2415">
    <p class='ocr_par' dir='ltr' id='par_1_13' title="bbox 778 2364 1249 2415">
     <span class='ocr_line' id='line_1_35' title="bbox 778 2364 1249 2415; baseline 0 -14"><span class='ocrx_word' id='word_1_154' title='bbox 778 2364 985 2402; x_wconf 84' lang='lat' dir='ltr'>Incertum</span> <span class='ocrx_word' id='word_1_155' title='bbox 1015 2376 1095 2415; x_wconf 87' lang='lat' dir='ltr'>quo</span> <span class='ocrx_word' id='word_1_156' title='bbox 1126 2377 1249 2402; x_wconf 86' lang='lat' dir='ltr'>anno.</span> 
     </span>
    </p>
   </div>
   <div class='ocr_carea' id='block_1_12' title="bbox 534 2460 1485 2619">
    <p class='ocr_par' dir='ltr' id='par_1_14' title="bbox 534 2460 1480 2619">
     <span class='ocr_line' id='line_1_36' title="bbox 540 2460 1480 2506; baseline 0.002 -12"><span class='ocrx_word' id='word_1_157' title='bbox 540 2460 656 2506; x_wconf 82' lang='lat' dir='ltr'>Epist.</span> <span class='ocrx_word' id='word_1_158' title='bbox 683 2461 732 2495; x_wconf 82' lang='lat' dir='ltr'>ad</span> <span class='ocrx_word' id='word_1_159' title='bbox 755 2460 803 2495; x_wconf 88' lang='lat' dir='ltr'>M.</span> <span class='ocrx_word' id='word_1_160' title='bbox 831 2460 932 2496; x_wconf 79' lang='lat' dir='ltr'>Caes.</span> <span class='ocrx_word' id='word_1_161' title='bbox 959 2461 975 2495; x_wconf 92' lang='lat' dir='ltr'>I</span> <span class='ocrx_word' id='word_1_162' title='bbox 1007 2465 1048 2495; x_wconf 72' lang='lat'>12</span> <span class='ocrx_word' id='word_1_163' title='bbox 1078 2478 1124 2493; x_wconf 69' lang='grc' dir='ltr'><strong>Ξ</strong></span> <span class='ocrx_word' id='word_1_164' title='bbox 1147 2461 1262 2506; x_wconf 91' lang='lat' dir='ltr'>Epist.</span> <span class='ocrx_word' id='word_1_165' title='bbox 1290 2460 1421 2496; x_wconf 76' lang='lat' dir='ltr'>Graec.</span> <span class='ocrx_word' id='word_1_166' title='bbox 1447 2466 1480 2496; x_wconf 88' lang='grc'><strong>3.</strong></span> 
     </span>
     <span class='ocr_line' id='line_1_37' title="bbox 534 2516 1388 2562; baseline 0.001 -11"><span class='ocrx_word' id='word_1_167' title='bbox 534 2522 538 2525; x_wconf 25' lang='grc' dir='ltr'><strong>Α</strong></span> <span class='ocrx_word' id='word_1_168' title='bbox 637 2516 753 2562; x_wconf 85' lang='lat' dir='ltr'>Epist.</span> <span class='ocrx_word' id='word_1_169' title='bbox 782 2517 830 2552; x_wconf 84' lang='lat' dir='ltr'>ad</span> <span class='ocrx_word' id='word_1_170' title='bbox 854 2517 1027 2553; x_wconf 85' lang='lat' dir='ltr'>Antonin.</span> <span class='ocrx_word' id='word_1_171' title='bbox 1054 2517 1161 2552; x_wconf 90' lang='lat' dir='ltr'>Pium</span> <span class='ocrx_word' id='word_1_172' title='bbox 1187 2523 1218 2561; x_wconf 88' lang='grc'>3,</span> <span class='ocrx_word' id='word_1_173' title='bbox 1242 2521 1274 2561; x_wconf 89' lang='grc'>4,</span> <span class='ocrx_word' id='word_1_174' title='bbox 1300 2521 1331 2561; x_wconf 87' lang='grc'>7,</span> <span class='ocrx_word' id='word_1_175' title='bbox 1357 2522 1388 2553; x_wconf 88' lang='grc'><strong>9.</strong></span> 
     </span>
     <span class='ocr_line' id='line_1_38' title="bbox 543 2573 1485 2619; baseline 0 -11"><span class='ocrx_word' id='word_1_176' title='bbox 543 2573 660 2618; x_wconf 87' lang='lat' dir='ltr'>Epist.</span> <span class='ocrx_word' id='word_1_177' title='bbox 686 2574 734 2608; x_wconf 87' lang='lat' dir='ltr'>ad</span> <span class='ocrx_word' id='word_1_178' title='bbox 758 2574 873 2609; x_wconf 87' lang='lat' dir='ltr'>Amic.</span> <span class='ocrx_word' id='word_1_179' title='bbox 904 2575 920 2608; x_wconf 92' lang='lat' dir='ltr'>I</span> <span class='ocrx_word' id='word_1_180' title='bbox 954 2578 971 2608; x_wconf 93' lang='grc'><strong>1</strong></span> <span class='ocrx_word' id='word_1_181' title='bbox 1086 2601 1131 2605; x_wconf 86' lang='lat'>—</span> <span class='ocrx_word' id='word_1_182' title='bbox 1086 2573 1270 2619; x_wconf 74' lang='lat' dir='ltr'>-Epist</span> <span class='ocrx_word' id='word_1_183' title='bbox 1299 2573 1427 2609; x_wconf 83' lang='lat' dir='ltr'>Graec.</span> <span class='ocrx_word' id='word_1_184' title='bbox 1455 2578 1485 2608; x_wconf 86' lang='lat'>4.</span> 
     </span>
    </p>
   </div>
   <div class='ocr_carea' id='block_1_13' title="bbox 949 2634 1563 2891">
    <p class='ocr_par' dir='ltr' id='par_1_15' title="bbox 951 2634 1479 2665">
     <span class='ocr_line' id='line_1_39' title="bbox 951 2634 1479 2665; baseline 0.002 -1"><span class='ocrx_word' id='word_1_185' title='bbox 951 2635 970 2664; x_wconf 78' lang='grc'><strong>2</strong></span> <span class='ocrx_word' id='word_1_186' title='bbox 1084 2646 1130 2661; x_wconf 85' lang='lat'>=</span> <span class='ocrx_word' id='word_1_187' title='bbox 1449 2634 1479 2665; x_wconf 91' lang='lat'>5.</span> 
     </span>
    </p>

    <p class='ocr_par' dir='ltr' id='par_1_16' title="bbox 949 2685 1555 2778">
     <span class='ocr_line' id='line_1_40' title="bbox 950 2685 1555 2722; baseline -0.002 0"><span class='ocrx_word' id='word_1_188' title='bbox 950 2691 970 2722; x_wconf 87' lang='lat'><strong>3</strong></span> <span class='ocrx_word' id='word_1_189' title='bbox 1083 2702 1128 2718; x_wconf 89' lang='lat'>=</span> <span class='ocrx_word' id='word_1_190' title='bbox 1206 2707 1217 2711; x_wconf 90' lang='lat'>—</span> <span class='ocrx_word' id='word_1_191' title='bbox 1268 2687 1316 2722; x_wconf 80' lang='lat' dir='ltr'>ad.</span> <span class='ocrx_word' id='word_1_192' title='bbox 1339 2685 1454 2722; x_wconf 79' lang='lat' dir='ltr'>Amic.</span> <span class='ocrx_word' id='word_1_193' title='bbox 1485 2686 1501 2720; x_wconf 96' lang='lat' dir='ltr'>I</span> <span class='ocrx_word' id='word_1_194' title='bbox 1527 2691 1555 2721; x_wconf 95' lang='lat'>1.</span> 
     </span>
     <span class='ocr_line' id='line_1_41' title="bbox 949 2747 1478 2778; baseline 0.004 -3"><span class='ocrx_word' id='word_1_195' title='bbox 949 2747 971 2778; x_wconf 86' lang='lat'>4</span> <span class='ocrx_word' id='word_1_196' title='bbox 1083 2758 1130 2773; x_wconf 88' lang='lat'>=</span> <span class='ocrx_word' id='word_1_197' title='bbox 1285 2764 1297 2768; x_wconf 89' lang='lat'>-</span> <span class='ocrx_word' id='word_1_198' title='bbox 1386 2763 1398 2767; x_wconf 99' lang='lat'>-</span> <span class='ocrx_word' id='word_1_199' title='bbox 1446 2747 1478 2777; x_wconf 79' lang='grc'><strong>2.</strong></span> 
     </span>
    </p>

    <p class='ocr_par' dir='ltr' id='par_1_17' title="bbox 951 2802 1563 2891">
     <span class='ocr_line' id='line_1_42' title="bbox 952 2802 1563 2842; baseline 0.008 -14"><span class='ocrx_word' id='word_1_200' title='bbox 952 2802 973 2835; x_wconf 86' lang='grc'>5</span> <span class='ocrx_word' id='word_1_201' title='bbox 1087 2815 1133 2829; x_wconf 85' lang='lat'>=</span> <span class='ocrx_word' id='word_1_202' title='bbox 1392 2820 1403 2824; x_wconf 97' lang='lat'>-</span> <span class='ocrx_word' id='word_1_203' title='bbox 1452 2804 1484 2842; x_wconf 90' lang='lat'>3,</span> <span class='ocrx_word' id='word_1_204' title='bbox 1511 2802 1563 2833; x_wconf 91' lang='grc'>16.</span> 
     </span>
     <span class='ocr_line' id='line_1_43' title="bbox 951 2858 1501 2891; baseline 0.007 -5"><span class='ocrx_word' id='word_1_205' title='bbox 951 2858 972 2891; x_wconf 84' lang='grc'><strong>6</strong></span> <span class='ocrx_word' id='word_1_206' title='bbox 1085 2871 1130 2887; x_wconf 73' lang='lat' dir='ltr'>:z</span> <span class='ocrx_word' id='word_1_207' title='bbox 1387 2876 1398 2880; x_wconf 94' lang='lat'>-</span> <span class='ocrx_word' id='word_1_208' title='bbox 1450 2859 1501 2890; x_wconf 77' lang='grc'><strong>17.</strong></span> 
     </span>
    </p>
   </div>
  </div>
 </body>
</html>
