1968 3158
261 152 346 194 208
728 149 776 183 M.
798 148 1024 184 CORNELII
1047 147 1322 183 FRONTONIS

232 274 234 276 ·
262 265 433 319 putant,
467 262 709 317 corrigunt3
738 262 812 303 ubi
831 262 1063 303 manifesta
1084 262 1248 316 sciunt,
1280 260 1534 315 inpudentia
1562 261 1789 303 obfirman-

262 331 381 372 tur³¹
419 362 606 371 .....
640 330 885 371 certaminis
899 330 916 356 ¹³
951 363 959 371 .
996 363 1004 371 .
1041 363 1049 371 .
1076 325 1380 385 necessita[tis]
1417 361 1605 370 .....
1637 329 1790 371 ²visset

262 398 503 454 providere:
534 412 610 453 per
639 399 705 439 tot
724 397 982 453 provincias,
1013 398 1079 439 tot
1107 396 1390 452 opsidionum‚
1422 395 1692 451 proeliorum,
1724 410 1790 438 ar-

265 466 376 507 cium
389 466 418 521 3,
442 465 691 520 stationum,
718 465 989 507 castellorum
1010 464 1339 507 excidendorum
1360 464 1509 518 aperta
1528 463 1789 519 discrimina,

265 548 386 575 curas
431 535 475 575 et
518 538 694 576 animum
740 533 985 589 dispergere
1029 547 1116 575 non
1157 566 1165 574 .
1202 566 1210 574 .
1251 532 1402 573 ducem
1442 531 1614 573 tametsi
1647 564 1656 572 .
1691 563 1700 573 .
1735 564 1744 572 .
1780 564 1789 573 .

263 616 364 656 pore
398 634 406 642 .
442 634 450 642 .
483 616 587 643 num
615 601 927 643 consentiremc
961 633 1191 642 ......
1213 599 1244 657 1⁴
1258 631 1445 641 .....
1478 598 1667 655 gnarusd
1700 631 1710 640 .
1744 631 1754 639 .
1779 631 1790 641 .

266 702 275 710 .
309 671 482 725 portare
515 703 524 711 .
556 699 569 711 2
601 669 765 725 longior
802 683 921 710 mora
963 701 971 710 .
1007 701 1015 710 .
1052 701 1060 710 .
1096 701 1105 710 .
1145 668 1283 724 impee
1406 700 1414 708 .
1454 681 1581 722 quam
1618 666 1673 708 ob
1702 680 1792 708 rem

268 770 275 778 .
357 770 365 778 .
399 738 530 779 etiam
573 739 668 779 tum
713 736 894 779 iunioris
938 736 1086 779 decere
1119 769 1128 777 .
1165 769 1173 777 .
1209 734 1326 793 [qulo
1365 734 1507 777 minus
1552 734 1605 776 ad
1642 734 1791 776 trium-

255 805 408 858 phums
442 839 629 846 .....
669 804 841 846 habitus
890 834 1790 846 .....................

268 905 1084 915 ...................
1101 873 1134 928 15
1163 873 1350 927 spectes,
1397 870 1550 912 Lucius
1599 869 1792 912 consilio-

263 955 357 982 rum
388 941 576 983 sollertia
605 941 734 996 longe
769 974 776 981 .
814 974 821 982 .
858 973 866 981 .
903 974 910 981 .
957 939 1095 982 Sciret
1125 938 1382 981 catafractos
1413 938 1571 980 similes
1602 952 1693 979 esse
1722 937 1792 979 be-

263 1008 345 1050 luis
374 1009 577 1064 piscibus,
610 1023 681 1051 eas
713 1008 881 1050 eludere
911 1008 999 1049 alto
1019 1007 1129 1049 mari
1154 1007 1431 1049 cernuantis2‘2r
1464 1038 1473 1048 .
1508 1039 1517 1047 .
1552 1038 1561 1047 .
1593 1003 1793 1062 magn[as

263 1075 508 1134 personare]
545 1109 554 1118 .
590 1110 599 1119 .
634 1077 673 1118 ‚¹¹
731 1076 844 1132 Equi
873 1076 1038 1118 lubrico
1066 1075 1304 1130 instabiles,
1342 1088 1502 1121 manus
1531 1073 1693 1129 frigore
1729 1072 1793 1114 in-

264 1145 395 1200 ritae,
436 1159 559 1187 arcus
597 1144 805 1186 imbribus
844 1144 1039 1186 enerbesi
1073 1176 1305 1185 ......
1321 1142 1356 1199 16
1384 1142 1551 1184 litteras
1581 1141 1694 1183 ultro
1724 1140 1792 1182 de-

265 1212 407 1268 derat,
441 1213 614 1267 bellum,
648 1212 682 1254 si
713 1211 855 1267 vellet,
889 1211 1209 1254 condicionibus
1238 1212 1436 1266 poneret:
1475 1210 1576 1251 dum
1605 1208 1794 1250 oblatam

264 1295 415 1335 pacem
445 1281 611 1335 spernit
639 1279 860 1335 barbarus,
892 1279 1003 1321 male
1033 1279 1244 1321 mulcatus
1275 1278 1410 1320 est7k.
1782 1272 1788 1277 ⁹

376 1348 443 1390 Ea
480 1362 526 1390 re
564 1347 745 1389 dilucide
781 1349 915 1402 patet,
956 1349 1118 1402 quanta
1155 1346 1286 1388 Lucio
1317 1360 1417 1388 cura
1453 1345 1586 1386 insita
1623 1345 1681 1386 sit
1716 1344 1793 1386 mi-

263 1416 389 1457 litum
433 1416 606 1471 salutis,
645 1416 717 1471 qui
754 1415 915 1470 gloriae
952 1429 1054 1456 suae
1092 1414 1314 1469 dispendio
1349 1413 1556 1455 redimere
1587 1412 1795 1467 cupiverit

264 1499 415 1539 pacem
443 1484 728 1526 incruentam.
774 1482 961 1524 Traiano
991 1497 1112 1524 suam
1147 1482 1355 1536 potiorem
1385 1480 1567 1537 gloriam
1596 1480 1668 1522 in8
1698 1494 1794 1522 san-

265 1553 396 1608 guine
434 1551 620 1594 militum
662 1550 878 1592 futuram⁹
922 1550 973 1592 de
1015 1549 1166 1592 ceteris
1205 1550 1294 1592 eius
1339 1548 1491 1591 studiis
1534 1546 1659 1589 multi
1697 1561 1794 1589 con-

379 1710 401 1734 a
426 1701 472 1734 In
494 1702 664 1743 maryine:
689 1697 837 1733 Delicta
862 1717 904 1722 —
927 1696 1147 1743 inpudentio
1174 1697 1250 1742 (sic)
1275 1695 1531 1732 obfirmantur.

380 1756 404 1790 b
432 1758 475 1790 In
498 1759 666 1801 maryine:
693 1754 927 1790 Certaminis.

379 1823 399 1846 c
422 1814 468 1846 In
491 1815 659 1855 maraine:
689 1811 745 1847 De
768 1811 914 1856 legibus
928 1810 1115 1856 {amoris}

379 1868 404 1902 d
427 1871 472 1903 In
495 1873 663 1914 margine:
690 1867 852 1903 Gnarus:
877 1874 960 1903 tum:
986 1867 1031 1902 de
1055 1866 1196 1913 legioni
1214 1895 1221 1901 .
1238 1895 1245 1902 .
1259 1866 1273 1900 i
1288 1895 1294 1901 .
1310 1895 1317 1901 .

379 1936 399 1960 e
425 1927 469 1959 In
492 1928 659 1969 maryine:
685 1923 897 1959 Cuiusmodi
927 1923 1002 1958 sint
1029 1924 1154 1959 hostes
1178 1922 1318 1958 Parthi.

379 1981 398 2015 f
421 1983 467 2015 In
490 1984 656 2026 maryine:
682 1981 933 2026 Panegyricus
958 1980 1112 2016 Traiani
1133 1980 1228 2025 Imp.

380 2047 405 2081 g
429 2039 474 2071 In
498 2041 664 2081 margine:
691 2036 810 2073 Sciret
834 2037 964 2072 catafr.
989 2057 1034 2062 —-
1058 2035 1279 2072 cernuantis.

379 2093 405 2127 h
429 2097 474 2128 In
497 2097 664 2137 margine:
689 2084 786 2128 Laus
812 2093 976 2129 Traiani.

379 2149 392 2184 i
421 2152 468 2184 In
490 2153 657 2194 margine:
682 2149 779 2193 Equi
800 2149 944 2185 lubrico
968 2170 1009 2176 —
1036 2149 1204 2185 enerbes.

378 2206 404 2240 k
428 2209 474 2241 In
496 2209 664 2249 margine:
688 2205 786 2240 Dum
810 2205 978 2241 oblatum
1002 2226 1045 2231 —
1068 2205 1252 2240 mulcatus
1278 2205 1344 2240 est.

383 2346 399 2377 1
426 2340 487 2377 Sic
510 2340 564 2377 ait
586 2341 657 2377 Dio
680 2341 755 2377 LII.
782 2345 835 2378 34.
885 2344 1013 2379 Maius.

380 2403 400 2433 2
424 2398 560 2444 Incipit
583 2398 703 2434 altera
728 2398 909 2434 columna.

381 2459 401 2490 3
426 2454 514 2490 Cod.
541 2459 677 2490 acrium.
726 2454 894 2491 Correxit
915 2453 1043 2489 Maius.

379 2515 400 2546 4
427 2510 601 2555 Sequitur
625 2510 714 2547 Cod.
739 2523 775 2557 p.
802 2514 879 2555 255,
905 2522 1021 2546 erasa.

381 2572 401 2603 5
427 2567 601 2611 Sequitur
626 2567 715 2603 Cod.
740 2580 775 2613 p.
803 2571 880 2611 246,
906 2578 1025 2603 erasa.

381 2628 401 2659 6
425 2623 560 2669 Incipit
584 2623 674 2660 Cod.
698 2636 734 2670 p.
761 2628 828 2660 245
852 2623 1053 2660 admodum
1075 2623 1283 2669 perspicua.

383 2684 402 2715 ‘1
428 2679 480 2715 Cf.
506 2680 638 2717 Nazar.
665 2680 805 2726 Paneg.
832 2680 1023 2717 Constant.
1049 2691 1078 2715 c.
1105 2684 1159 2715 24.
1194 2682 1320 2721 Maius,
1346 2679 1409 2723 qui
1432 2689 1506 2714 non
1531 2679 1680 2715 dubitat
1704 2680 1791 2725 quin

268 2734 447 2772 Nazarius
470 2736 699 2772 Frontonem
721 2737 866 2782 legerit.

382 2797 402 2828 8
427 2793 635 2828 Delendum
657 2794 728 2828 hoc
751 2797 797 2828 in.
847 2796 1058 2829 Niebuhr-ius.

384 2853 403 2884 9
429 2848 568 2887 Codex:
595 2858 748 2885 tuturam.
