1968 3158
284 176 369 221 250
515 212 520 217 ,
749 175 798 210 Μ.
817 174 1043 211 CORNELII
1066 174 1342 210 FRONTONIS

285 289 520 344 ἀποδείξει,
566 290 668 332 τοὺς
709 290 756 332 δὲ
788 290 1084 342 λαμβάνοντας
1115 290 1460 343 πλουςιωτέρους
1489 285 1805 342 παραςκευάςει-.

283 358 506 409 Ἑκάτερον
540 359 586 400 δὲ
616 360 747 399 τοῦτο
778 357 825 400 ἐν
854 359 945 400 τοῖς
975 358 1173 409 μεγάλοις
1204 358 1361 410 δώροις
1397 357 1569 400 ἕνεςτιν.
1625 358 1668 400 Εἰ
1695 361 1805 409 γοῦν

285 426 551 477 ἀποτιμήςεις
580 425 797 475 γίγνοιντο
829 425 949 477 ἡμῖν,
988 425 1013 468 ὁ
1043 426 1145 478 μὲν1
1183 425 1357 478 πέμψας
1385 426 1487 468 τοὺς
1517 426 1597 468 δύο
1626 426 1806 470 τούτους

283 496 460 545 παῖδας,
498 493 769 551 μικροτέραν,
817 493 902 544 ἐγὼ
934 496 981 537 δὲ
1012 493 1036 536 ὁ
1067 495 1210 547 λαβὼν
1253 492 1380 545 μείζω
1410 494 1487 545 τὴν
1519 493 1667 537 οὐςίαν
1698 493 1806 536 ἀπο-

284 563 513 615 φανοῦμαι.
574 561 636 603 Οὐ
672 562 755 613 γάρ
793 561 901 604 ἐςτιν
940 561 1315 614 εὐκαταφρόνητος
1354 561 1454 604 οὔτε
1485 561 1531 604 ἐν
1562 561 1807 614 ἀποτιμήςει

283 630 510 682 χρημάτων
533 628 632 671 οὔτε
667 629 755 685 Ιῖἐν
778 620 987 672 ἀντιδόςει
1017 629 1161 672 οὐςίας
1183 629 1282 671 οὔτε
1313 629 1359 671 ἐν
1391 629 1625 686 ἀπογραφῇ
1655 630 1807 672 τέλους

284 697 383 740 οὔτε
413 698 461 740 ἐν
491 699 704 753 καταβολῇ
737 699 880 751 φόρου
911 697 935 739 ὁ
967 700 1056 740 τῶν
1086 697 1165 739 δύο
1196 698 1369 740 δούλων
1399 697 1585 750 ἀριθμός.

395 766 443 808 Ὁ
482 766 530 808 δὲ
566 766 619 808 τὰ
657 766 869 819 βαρύτερα
910 768 1030 818 δῶρα
1067 766 1250 817 πέμπων
1287 765 1368 817 οὐχ
1406 765 1535 816 ἦττον
1574 767 1699 808 λυπεῖ
1726 768 1805 809 τοῦ

284 837 456 888 βαρεῖαν
493 834 741 886 πέμποντος
780 834 848 875 ἐπὶ
878 829 961 876 ’τὸν
999 833 1326 886 ςυςφαιρίζοντα
1362 833 1387 884 ἢ
1425 834 1611 885 μεγάλην
1648 832 1806 885 κύλην3

282 902 574 955 προπίνοντος
604 906 665 957 τῷ
698 901 910 957 ςυμπότῃ·
941 901 998 944 εἰς
1028 902 1109 953 γὰρ
1139 902 1284 954 μέθην,
1315 901 1392 943 οὐκ
1420 900 1478 944 εἰς
1507 901 1668 953 ἡδονὴν
1699 915 1805 954 προ-

282 971 420 1014 πίνειν
452 970 602 1013 ἕοικεν.
643 969 803 1022 Ὥςπερ
834 971 880 1012 δὲ
910 970 986 1012 τὸν
1018 968 1143 1012 οἶνον
1174 969 1221 1012 ἐν
1252 971 1342 1011 τοῖς
1374 970 1617 1022 ςώφροςιν4
1648 982 1805 1022 ςυμπο-

284 1040 384 1082 ςίοις
415 1038 586 1091 ὁρῶμεν
617 1038 872 1090 κιρνάμενον
911 1037 1081 1091 ἀκράτῳ
1117 1038 1192 1088 μὲν
1223 1037 1337 1080 πάνυ
1369 1036 1516 1092 ὀλίγῳ,
1547 1037 1728 1092 πλείςτῳ
1759 1038 1807 1080 δὲ

281 1111 342 1163 τῷ
365 1106 502 1149 ὕδατι·
538 1105 653 1148 οὕτω
675 1107 726 1158 δὴ
759 1107 825 1148 καὶ
854 1106 906 1148 τὰ
936 1108 1056 1157 δῶρα
1077 1104 1296 1157 κιρνάναι5
1316 1107 1527 1157 προςῆκεν
1558 1106 1699 1159 πολλῇ
1729 1106 1804 1157 μὲν

260 1164 626 1229 φιλοφροςύνῃθ,
660 1173 864 1230 ἐλαχίςτῳ
896 1174 943 1215 δὲ
974 1172 1232 1225 ἀναλώματι.
1282 1172 1394 1215 Τίςιν
1424 1173 1506 1224 γὰρ
1538 1173 1590 1215 ἂν
1621 1173 1806 1226 φαίημεν

282 1243 502 1294 ἁρμόττειν
533 1242 586 1284 τὰ
616 1245 830 1293 πολυτελῆ
862 1244 1000 1294 δῶρα;
1031 1240 1113 1292 ἆρά
1141 1255 1190 1291 γε
1219 1243 1310 1283 τοῖς
1340 1242 1535 1293 πένηςιν;
1566 1240 1675 1283 ἀλλὰ
1705 1242 1805 1293 πέμ-

282 1325 376 1353 πειν
409 1311 461 1352 οὐ
493 1310 716 1353 δύνανται·
753 1310 778 1362 ἢ
809 1312 899 1352 τοῖς
929 1308 1165 1358 πλουςίοις;
1198 1308 1307 1351 ἀλλὰ
1338 1309 1565 1362 λαμβάνειν
1598 1309 1652 1350 οὐ
1682 1309 1805 1353 δέον-

281 1392 358 1421 ται.
418 1379 517 1420 Τοῖς
555 1379 630 1430 μὲν
672 1377 750 1420 οὖν
789 1378 987 1430 μεγάλοις
1025 1377 1181 1429 δώροις
1217 1377 1268 1419 τὸ
1300 1378 1469 1429 ςυνεχὲς
1501 1377 1554 1418 οὐ
1584 1377 1804 1430 πρόςεςτιν

281 1447 306 1498 ἣ
339 1446 528 1488 ἑκπεςεῖν
561 1446 721 1497 ἀνάγκη
753 1448 841 1488 τῶν
872 1445 1181 1498 ὑπαρχόντων,
1215 1443 1334 1487 εἴτις
1355 1445 1517 1496 μεγάλα
1545 1444 1616 1487 τε7
1647 1445 1806 1497 πέμποι

280 1515 347 1556 καὶ
377 1513 594 1556 πολλάκις.
644 1516 746 1558 Τοῖς
776 1527 821 1556 τε
851 1515 1011 1566 μικροῖς
1042 1512 1199 1564 δώροις
1228 1512 1277 1555 τό
1307 1526 1352 1555 τε
1384 1514 1555 1565 ςυνεχὲς
1585 1512 1805 1564 πρόςεςτιν

282 1583 349 1625 καὶ
379 1582 429 1624 τὸ
463 1581 788 1633 ἀμετάγνωςτόν
818 1595 859 1624 τι
889 1615 897 1623 .
930 1615 937 1623 .
969 1615 976 1622 .
1010 1580 1198 1622 8τελέςαι
1227 1581 1348 1633 μικρὰ
1378 1581 1602 1633 πέμψαντι.
1816 1631 1817 1639 ¹

393 1650 698 1702 Ὁμολογήςαις
718 1650 762 1692 δ’
783 1650 836 1693 ἂν
867 1650 934 1692 καὶ
963 1652 1117 1699 τοῦτο,
1150 1648 1209 1691 ὡς
1239 1647 1278 1691 εἴ
1297 1662 1358 1691 τις
1388 1648 1553 1704 ἑαυτῷ9
1583 1650 1659 1701 μἐν
1690 1649 1806 1692 ἔπαι-

552 1750 1117 1787 ΛΑΜΒΑΝΕΙΝο3ΕΑΕΙΤΕΤΑ
1145 1778 1152 1785 .
1181 1778 1187 1784 .

552 1807 902 1844 ΑΥΤΑΔΩΡΑΧΡΗ
931 1834 1081 1842 .....
1109 1807 1211 1842 (ΘΑΙ

281 1865 421 1901 Locum
443 1863 498 1900 sta
523 1863 694 1910 suppleo:
721 1864 754 1899 εἰ
779 1865 874 1908 παρ’
898 1864 1053 1899 ἑκόντος

712 1922 891 1963 λαμβάνοι
914 1931 970 1955 τις
994 1921 1017 1963 ἢ
1043 1920 1176 1963 ἀφέλοι
1201 1919 1277 1964 βίᾳ·

711 1978 756 2017 οὐ
784 1977 901 2020 μόνον
925 1977 996 2020 γὰρ
1021 1976 1066 2010 οὐ
1092 1977 1146 2011 δεῖ
1171 1977 1267 2019 παρ’

712 2034 867 2068 ἑκόντος
892 2032 1011 2067 αἰτεῖν
1036 2033 1123 2067 ἀλλ’
1147 2032 1235 2066 οὐδὲ

712 2089 930 2132 λαμβάνειν·
964 2089 1053 2124 οὐδὲ
1076 2089 1124 2123 τὰ
1147 2099 1219 2123 τοι-

712 2148 810 2180 αῦτα
833 2147 937 2189 δῶρα
961 2147 1032 2189 χρὴ
1057 2144 1269 2188 προςίεςθαι
1294 2145 1318 2179 ἃ
1341 2146 1431 2180 τοὺς
1457 2146 1523 2188 μὲν
1548 2146 1623 2180 κτὲ.

397 2207 414 2238 1
441 2202 581 2237 Codex:
608 2202 793 2237 ΥΣΜΙΝΟ
820 2202 979 2244 πέμψας.

395 2264 415 2294 2
440 2258 576 2304 Incipis]
601 2258 687 2293 Cod.
714 2269 751 2303 p.
781 2260 854 2292 151.

395 2321 415 2351 3
439 2315 581 2350 Horum
606 2314 762 2349 duorum
786 2313 1050 2349 vocabulorum
1074 2313 1219 2349 ineerta.
1242 2313 1389 2349 tamum
1412 2313 1572 2359 vestigia
1596 2316 1805 2359 supersunt.

280 2371 468 2408 Iacobsius
492 2371 622 2406 scribit
645 2371 787 2405 κύλικα.

395 2433 417 2463 4
443 2427 582 2463 Codex:
607 2438 775 2471 οφροςιν.

398 2488 418 2520 5
441 2485 500 2519 Ita
525 2483 658 2519 Codex.
707 2482 827 2518 Maius
851 2494 927 2518 non
951 2483 1115 2528 agnovit.
1158 2481 1360 2518 Iaeobsius:
1387 2486 1568 2528 μιχθῆναι.

395 2545 415 2576 6
442 2540 583 2576 Codex:
615 2542 738 2585 πολλῇ
766 2541 840 2584 μὴν
865 2551 920 2584 φ.
941 2540 1148 2585 οφροςύνῃ.
1196 2538 1331 2575 Maius:
1363 2540 1599 2585 ςωφροςύνῃ.

396 2602 414 2632 7
441 2598 519 2632 Om.
543 2596 675 2633 Maius.

396 2659 416 2690 8
441 2654 499 2688 Ita
521 2653 654 2689 Maius.
684 2651 834 2687 Amicus
858 2652 966 2688 vidit:
992 2653 1067 2688 ΤΙΝ
1089 2683 1095 2689 .
1114 2654 1148 2688 Δ
1168 2679 1285 2687 .....
1305 2654 1342 2688 ΕΙ
1368 2654 1414 2688 ΔΙ
1434 2678 1442 2686 .
1462 2682 1470 2690 .
1491 2681 1498 2689 .
1518 2653 1804 2689 ΕΣΑΙΜΕΙΚΡΑ.

282 2712 469 2746 Forhasse:
511 2712 571 2745 καὶ
595 2710 641 2744 τὸ
667 2709 961 2754 ἀμετάγνωςτόν
991 2720 1076 2744 τινα
1105 2710 1164 2744 διὰ
1189 2710 1332 2744 παντὸς
1355 2709 1557 2744 διατελέςαι
1582 2709 1690 2752 μικρὰ
1715 2710 1803 2753 πέμ-

282 2779 419 2811 ψαντα.
452 2765 657 2801 Iacobsius:
684 2767 743 2801 καὶ
767 2767 813 2801 τὸ
839 2766 1130 2809 ἀμετάγνωςτον
1156 2767 1216 2800 καὶ
1240 2766 1286 2800 τὸ
1311 2766 1455 2800 τελέςαι
1480 2765 1589 2809 μικρὰ
1612 2769 1668 2809 τῷ
1694 2766 1804 2810 μικρὰ

281 2824 588 2913 πέμψζνῖὶιίυίοιιε
614 2877 707 2913 vidis]
730 2888 798 2925 pro
825 2879 858 2914 εἴ
873 2889 927 2914 τις
954 2879 1095 2924 ἑαυτῷτ
1121 2876 1448 2914 (ΕΕΙΕΙΟΕΑΝΤΙ.
