1968 3158
275 139 352 181 150
547 138 593 172 M.
615 136 840 172 CORNELII
863 135 1140 171 FRONTONIS
1164 135 1503 172 EPISTULARUM

382 251 501 292 Haec
538 250 584 291 in
616 264 685 290 eos
715 248 862 290 fabula
900 249 1123 304 competit„
1162 250 1234 304 qui
1271 249 1390 291 nulla
1427 250 1569 293 indole
1608 251 1791 307 praediti

271 318 558 373 eloquentiam
588 317 862 371 desperantes
892 316 1102 372 fugitant.
1165 343 1168 346 >

383 385 493 439 Tibi,
528 383 697 438 Caesar,
731 386 778 425 ut
809 384 876 426 cui
906 385 1104 438 maxime,
1138 384 1317 426 sublime
1339 387 1382 427 et
1402 386 1615 427 excelsum
1635 388 1679 428 et
1706 400 1791 427 am-

270 453 459 507 plificum
498 450 723 507 ingenium
753 451 807 492 ab
837 451 901 493 dis
932 452 1079 493 datum
1111 453 1188 493 est.
1249 451 1362 494 Nam
1390 453 1518 508 primi
1548 453 1611 495 tui
1643 467 1792 495 sensus

272 523 314 562 et
342 518 603 561 incunabula
633 518 869 560 studiorum
899 520 1070 561 tuorum
1099 518 1206 560 mihi
1238 519 1413 575 cognita
1442 522 1556 562 sunt.

383 586 615 629 Elucebat¹
647 586 733 627 iam
769 587 872 628 tunc
910 586 1112 645 nobilitas
1143 586 1299 628 mentis
1332 588 1374 628 et
1404 587 1593 643 dignitas
1624 589 1793 637 senten-

272 655 448 709 tiarum,
489 654 641 709 quibus
679 653 769 695 sola
809 687 816 695 .
852 687 859 694 .
896 686 904 695 .
940 654 978 695 .²
1007 654 1185 696 deerant
1221 654 1464 696 verborum·
1485 655 1695 697 luminaa:
1745 670 1795 698 ea

271 737 436 777 quoque
468 722 594 764 variis
627 721 1001 763 exercitationibus
1031 721 1362 764 instruebamus.

383 789 476 831 Ibi3
505 791 553 830 tu
583 789 688 831 mihi
718 789 860 830 videre
889 787 1026 846 mor[a
1054 791 1222 844 tempor
1251 789 1352 846 ]ali4
1392 791 1435 832 et
1464 790 1621 832 laboris
1652 790 1793 832 taedio

272 858 460 899 defessus
498 857 762 912 eloquentiae
800 856 986 898 studium
1016 856 1257 912 reliquisse,
1299 857 1351 898 ad
1378 856 1695 913 'philosophiam
1725 858 1793 899 de-

273 925 463 978 vertisse,
496 924 570 966 ubi
599 924 765 966 nullum
795 923 1087 979 prohoemium
1109 939 1204 966 cum
1226 938 1327 966 cura
1348 925 1645 979 excolendum,
1677 925 1797 966 nulla

272 992 462 1034 narratio
493 983 679 1034 breviter
709 994 752 1033 et
771 991 954 1033 dilucide
975 993 1018 1033 et
1039 991 1190 1033 callide
1220 991 1425 1034 collocata
1438 992 1467 1046 ⁵,
1499 992 1642 1034 nullae
1672 1006 1797 1047 quae-

274 1060 434 1101 stiones
464 1054 737 1114 partiendae,
779 1058 899 1100 nulla
930 1060 1185 1113 argumenta
1222 1062 1485 1114 quaerenda,
1523 1059 1633 1101 nihil
1671 1074 1798 1119 exag-

274 1127 512 1182 gerandum
522 1127 539 1153 Ι)
573 1159 1662 1169 ..........................
1677 1127 1709 1183 16
1742 1160 1751 1169 .
1787 1161 1796 1169 .

367 1228 375 1236 .
407 1194 606 1236 mutilum
635 1194 860 1249 perficere,
893 1193 1082 1236 hiulcum
1111 1194 1236 1235 fartis
1266 1195 1416 1250 iugare
1449 1227 1457 1236 .
1491 1228 1642 1236 .....
1691 1195 1799 1238 Con·

275 1262 436 1304 siliario
467 1262 567 1304 huic
596 1261 735 1317 magis
767 1262 901 1303 aetati
930 1276 1036 1316 opus
1074 1263 1140 1303 est
1169 1276 1296 1316 quam
1327 1261 1549 1304 auxiliario
1582 1295 1771 1304 .....
1784 1263 1798 1287 ⁷

274 1345 344 1371 ma
378 1363 610 1371 ......
645 1343 950 1371 cumea...
989 1343 1074 1370 ,es
1114 1320 1505 1384 .'..·vigare..,
1522 1362 1798 1373 .......

278 1429 734 1439 ...........
751 1396 786 1453 19·
819 1429 827 1438 .
862 1430 870 1438 .
939 1396 1095 1439 Nonne
1134 1396 1271 1438 omnis
1301 1398 1517 1442 oratorum
1555 1398 1697 1452 copias
1738 1412 1800 1439 se-

278 1463 498 1518 ctabare9,
530 1464 747 1506 refutandi
777 1463 1030 1518 sollertiam,
1071 1464 1255 1519 augendi
1286 1464 1557 1519 facultatem,
1605 1465 1802 1507 eludendi

276 1534 566 1587 venustatem,
613 1532 889 1587 permovendi
920 1531 1262 1586 delectandique,
1287 1531 1547 1574 ¹deterrendi
1575 1532 1802 1576 incitandi—

277 1614 378 1655 que,
411 1600 606 1654 ornandi,
641 1599 912 1653 conciliandi,
944 1598 1300 1653 inflammandiw,
1333 1599 1504 1641 laxandi
1537 1599 1802 1641 audientium

278 1667 457 1721 animos,
492 1669 566 1708 aut
597 1667 826 1721 alliciendi,
859 1669 1022 1708 rectam
1051 1667 1266 1721 quandam
1288 1667 1333 1708 in
1357 1667 1534 1709 dicendo
1564 1667 1803 1722 potentiam

279 1750 328 1777 ac
357 1735 644 1790 potestatem?

393 1882 415 1905 a
439 1872 484 1904 In
516 1874 684 1915 maryine:
730 1870 912 1906 Eluccbat
949 1869 988 1904 in
1026 1881 1142 1915 puero
1177 1869 1252 1905 iam
1287 1890 1331 1895 —-
1367 1870 1500 1914 quibus
1537 1870 1615 1905 sola
1650 1870 1805 1906 deerant

279 1927 380 1962 verb.
407 1927 494 1960 lum.

393 1983 417 2016 b
444 1985 488 2016 In
512 1985 681 2027 margine.-
705 1981 967 2017 Prohoemium
992 1982 1143 2026 aliquod
1169 1982 1465 2028 excogitandum,
1490 1983 1654 2018 narratio
1671 1983 1804 2027 brevis,

280 2038 418 2081 lucida,
444 2037 594 2081 callida,
621 2037 857 2082 quaestiones
882 2038 1121 2083 partiendae,
1147 2039 1370 2083 argumenta
1395 2039 1620 2083 quaerenda,
1647 2050 1804 2084 exagge-

281 2095 448 2130 randum.

397 2212 413 2243 1
441 2207 547 2250 Quod
571 2208 690 2243 Maius
716 2207 821 2242 addit
846 2212 878 2242 [n
899 2220 1023 2252 puero,
1047 2207 1086 2242 in
1110 2208 1215 2243 textu
1239 2217 1314 2242 non
1338 2207 1486 2252 legitur.

395 2269 416 2299 2
441 2263 625 2306 Quattuor
654 2263 799 2299 litteras
823 2263 942 2299 Maius
967 2275 1117 2309 prorsus
1148 2263 1288 2307 omisit,
1319 2275 1438 2308 neque
1470 2275 1540 2309 ego
1569 2265 1675 2310 potui
1699 2276 1805 2310 expe—

285 2321 379 2356 dire:
407 2320 533 2355 TUIU.
582 2319 730 2355 Amicus
755 2320 892 2355 diserte
917 2320 1075 2355 adnotat
1097 2330 1171 2355 non
1196 2331 1274 2355 esse
1300 2327 1389 2355 tunc.

396 2382 416 2412 3
440 2376 598 2421 Reliqua
621 2375 659 2411 in
682 2376 754 2411 hac
775 2376 916 2422 pagina
939 2377 999 2411 vix
1023 2377 1219 2422 apparent.

398 2437 419 2468 4
442 2433 501 2468 An
524 2432 620 2468 forte
650 2445 773 2468 morem
796 2436 943 2468 imitatus
966 2436 1104 2468 saeculi.
1151 2435 1386 2477 Heindorfius,

398 2493 418 2524 5
442 2490 482 2524 L.
509 2493 717 2525 collocanda.
769 2492 980 2524 Niebuhrz‘us.

398 2550 418 2580 6
443 2545 577 2591 Incipit
602 2544 690 2581 Cod.
716 2558 752 2591 p.
771 2549 853 2588 3783
878 2545 916 2579 in
931 2546 1038 2580 textu
1053 2545 1164 2581 hodie
1189 2545 1280 2580 nihil
1304 2546 1554 2591 distinguitur,
1578 2547 1696 2582 Maius
1716 2547 1807 2582 vidit

286 2602 448 2647 quinque
472 2602 598 2637 verba.
649 2600 841 2637 Sententia
865 2613 959 2647 quae
985 2602 1150 2645 sequitur
1173 2602 1309 2647 legitur
1332 2602 1370 2637 in
1393 2602 1572 2647 margine.

400 2663 418 2694 7
443 2659 485 2693 In
509 2658 584 2693 imo
611 2659 791 2703 margine.

399 2718 419 2745 8
444 2713 578 2759 incipit
602 2713 689 2750 Cod.
721 2726 757 2760 p.
784 2719 860 2750 377.

400 2775 420 2804 9
446 2769 585 2805 Codex:
611 2778 794 2806 sectavere.
845 2770 1013 2806 Correxit
1036 2770 1270 2805 Niebuhrius.

380 2831 421 2860 10
445 2825 584 2862 Codex:
615 2830 813 2870 infamandi.
862 2826 1029 2862 Correxit
1052 2826 1286 2862 Niebuhrius.
