1968 3158
221 189 267 218 1v
789 167 1161 206 PROLEGOMENA.

219 292 307 332 fere
337 290 540 344 indignus
570 286 775 328 videatur.
837 283 997 332 Quibus
1040 287 1137 323 c'um
1168 279 1379 322 confidam
1408 294 1475 322 me
1504 280 1641 322 multa
1670 279 1744 340 ¹³³ss

219 359 342 412 bere,
373 371 478 411 quae
509 367 732 409 reponam,
764 351 869 393 illud
899 350 1084 405 primum
1114 348 1427 390 Observandum
1457 350 1544 402 est,
1578 348 1611 390 si
1643 346 1752 406 Nie-¹

220 425 393 466 buhrius
437 423 581 464 statim
624 422 721 475 post
764 418 926 460 Maium
974 432 1130 459 novam
1180 416 1409 458 editionem
1455 415 1742 469 adornaverit,

219 492 441 533 ridiculum
471 504 537 530 me
574 489 686 542 fore,
727 487 762 528 si
800 486 929 528 stulte
968 488 1010 527 et
1041 486 1294 540 arroganter
1331 482 1584 537 despiciam,
1632 482 1745 537 quod

219 562 339 600 tanto
370 559 433 599 vir
469 557 644 611 ingenio
674 554 892 609 tantisque
931 553 1150 594 doctrinae
1190 551 1341 605 opibus
1382 550 1567 591 libenter
1606 564 1743 593 susce-

218 627 350 681 perit,
391 640 485 666 cum
514 623 766 679 praesertim
798 622 979 664 editores
1010 619 1309 661 Berolinenses
1339 632 1430 659 non
1461 618 1745 673 cognoverint

219 710 268 736 ea
298 708 425 748 quae,
465 692 612 747 paucis
645 691 769 732 annis
799 691 916 744 post,
963 690 1132 743 reperto
1163 685 1380 728 Vaticano
1413 685 1578 740 codice,
1621 685 1744 727 bonis

214 761 368 803 litteris
411 762 454 802 et
499 759 633 801 doctis
685 757 929 800 hominibus
980 755 1115 797 veluti
1160 754 1214 795 ab
1261 753 1372 795 Orco
1416 753 1584 796 reddita
1628 754 1742 795 sunt.

215 828 371 878 Quodsi
409 829 580 882 reputo,
621 826 737 867 subit
773 825 938 878 mirari,
987 823 1059 878 qui
1094 822 1259 863 factum
1290 821 1347 862 sit
1377 823 1426 862 ut
1455 834 1532 876 per
1561 821 1744 876 quadra-

215 897 338 951 ginta
368 909 502 937 annos
532 909 656 936 nemo
688 893 922 947 exstiterit,
962 891 1034 946 qui
1065 890 1312 945 fragmenta
1342 888 1557 931 Vaticana
1586 889 1744 931 iterum

178 992 182 996 -
216 965 458 1006 recenseret
495 963 691 1016 ipsosque
723 961 886 1002 codices
919 959 1074 1013 adiret,
1119 972 1215 999 cum
1243 959 1392 998 tamen
1422 958 1522 1011 post
1551 955 1742 999 Niebuh-

215 1032 266 1073 rii
297 1045 468 1085 operam
500 1029 612 1084 apud
641 1043 786 1070 01111108
818 1029 1048 1080 constaret,
1080 1026 1126 1067 in
1155 1024 1454 1066 Ambrosianis
1484 1024 1744 1080 fragmentis

216 1099 459 1155 digerendis
490 1097 651 1138 Maium
681 1111 769 1137 non
798 1096 957 1136 maiore
993 1094 1150 1149 peritia
1189 1107 1317 1148 quam
1345 1092 1429 1134 fide
1457 1092 1591 1134 fuisse
1620 1107 1744 1134 usum
1859 1123 1862 1126 -

217 1166 441 1221 officioque
473 1165 644 1206 editoris
676 1163 903 1206 desultorie
932 1162 1131 1205 functum
1162 1175 1266 1203 esse.

329 1233 411 1276 Sed
449 1233 708 1274 laudandum
747 1233 811 1273 est
847 1230 1228 1286 prudentissimum
1257 1228 1485 1271 Niebuhrii
1521 1228 1741 1284 iudicium,

216 1303 251 1344 si
281 1303 472 1343 veterum
503 1300 730 1355 scriptores
761 1299 918 1354 partim
950 1298 1038 1339 sint
1067 1298 1337 1353 praestantes
1358 1298 1402 1338 et
1430 1311 1604 1352 prorsus
1625 1311 1743 1353 egre-

215 1370 290 1424 gii,
322 1368 479 1424 partim
508 1367 611 1409 boni
639 1381 719 1408 nec
748 1369 893 1408 tamen
925 1366 1100 1420 optimi,
1132 1365 1291 1420 partim
1321 1364 1438 1406 infra
1469 1365 1662 1407 ordinem
1693 1379 1742 1407 ac

214 1439 396 1478 fortasse
425 1435 620 1490 pessimi,
652 1435 698 1476 in
728 1434 812 1475 illis
843 1433 1043 1475 heroibus
1075 1435 1118 1475 et
1148 1433 1427 1488 scriptoribus
1460 1433 1648 1475 classicis
1678 1433 1742 1488 ip-

214 1519 280 1546 sos
309 1505 549 1545 litterarum
580 1502 720 1557 apices
748 1516 911 1543 summa
943 1516 1039 1543 cum
1070 1516 1171 1543 cura
1202 1501 1317 1557 exigi
1348 1500 1522 1556 debere,
1553 1501 1602 1542 in
1633 1502 1741 1543 cete-

213 1573 270 1613 ris
301 1586 382 1627 quo
414 1586 438 1612 a
467 1571 658 1625 perfecta
688 1570 954 1625 praestantia
990 1569 1162 1627 longius
1202 1569 1366 1624 absint,
1415 1583 1464 1611 eo
1501 1569 1641 1625 magis
1678 1583 1742 1611 re-

213 1640 346 1681 laxari
377 1652 499 1694 posse
529 1639 741 1679 minutam
771 1652 898 1692 quam
930 1637 1081 1679 ceteris
1111 1637 1315 1679 tribueris
1348 1637 1634 1693 diligentiam,
1667 1637 1742 1679 sed

213 1708 274 1748 ita
315 1709 461 1748 tamen
508 1706 638 1747 etiam
681 1705 886 1760 pessimos
931 1705 1181 1747 tractandos
1219 1707 1262 1747 et
1298 1705 1594 1747 retractandos
1633 1719 1739 1760 esse,

214 1775 347 1816 donec
379 1774 667 1815 conditionem
696 1773 963 1815 tolerabilem
994 1773 1248 1815 reddideris:
1288 1787 1413 1815 omne
1444 1772 1561 1815 enim
1591 1773 1665 1815 vas
1696 1774 1741 1815 et

214 1856 382 1883 omnem
425 1841 730 1896 supellectilem
767 1841 814 1882 in
853 1841 976 1883 domo
1022 1841 1131 1883 bene
1176 1842 1391 1883 instructa
1426 1841 1610 1883 nitidam
1650 1855 1742 1883 esse

216 1910 386 1963 debere,
426 1923 564 1964 neque
602 1923 856 1963 quemquam
894 1909 944 1950 de
982 1909 1198 1951 veteribus
1244 1909 1524 1964 scriptoribus
1567 1895 1753 1963 prorsus(

216 1991 306 2018 esse
336 1976 655 2031 negligendum.
711 1976 938 2018 Frontonis
970 1979 1112 2019 autem
1143 1977 1237 2032 quis
1269 1977 1559 2019 conditionem
1587 1976 1741 2019 tolera-

214 2044 342 2085 bilem
373 2044 508 2097 dicat,
552 2053 646 2085 cum
675 2044 815 2086 Maius
854 2045 1086 2099 pristinum
1114 2045 1316 2087 foliorum
1347 2045 1540 2086 ordinem
1569 2044 1741 2086 restitu-

216 2125 285 2152 ere
315 2125 402 2152 non
431 2112 618 2166 potuerit
648 2114 690 2153 et
719 2112 765 2153 in
797 2113 939 2154 codice
971 2113 1229 2155 conferendo
1260 2107 1486 2155 admodum
1515 2112 1740 2168 negligen-

214 2181 280 2220 ter
310 2181 498 2220 versatus
530 2179 613 2220 sit‘?
661 2181 773 2221 unde
810 2180 926 2222 mille
965 2196 1127 2223 errores
1166 2181 1260 2223 nati
1297 2182 1418 2236 sunt,
1465 2180 1625 2236 partim
1653 2180 1740 2222 iam

215 2247 351 2288 acutis
382 2247 746 2288 emendationibus
778 2248 948 2303 sublati,
978 2250 1147 2305 ¹partim*
1169 2264 1286 2291 nunc
1316 2249 1486 2291 demum
1515 2247 1737 2303 patefacti,

214 2314 372 2367 partim
402 2314 531 2355 etiam
561 2314 789 2370 detegendi
820 2316 858 2357 ei
888 2317 960 2371 qui
991 2319 1088 2371 post
1117 2332 1185 2358 me
1214 2316 1371 2359 veniet.

326 2380 527 2422 Nondum
555 2384 702 2424 tamen
732 2383 922 2426 elocutus
953 2399 1046 2426 sum
1077 2385 1179 2440 quid
1207 2385 1358 2440 fuerit,
1387 2398 1461 2427 cur
1480 2398 1558 2441 per
1578 2384 1740 2440 aliquot

214 2462 379 2490 menses
409 2450 547 2490 totum
576 2464 643 2491 me
682 2450 826 2492 darem
863 2452 1071 2494 Frontoni
1109 2453 1418 2508 cognoscendo.
1481 2452 1526 2495 Si
1561 2452 1740 2494 Fronto-

215 2515 367 2557 nianas
398 2516 596 2570 epistolas
626 2519 864 2572 temporum
900 2520 1067 2562 ratione
1105 2521 1387 2575 disposueris,
1427 2520 1604 2576 egregia
1641 2534 1738 2562 con-

215 2581 355 2623 ferent
399 2583 451 2624 ad
494 2585 835 2639 perspiciendam
879 2587 1066 2629 indolem
1106 2588 1165 2629 M.
1210 2587 1426 2638 Antonini
1470 2585 1736 2642 Philosophi,

218 2649 269 2688 ad
299 2663 421 2703 quem
441 2649 601 2694 Fronto
630 2653 878 2708 frequenter
908 2655 1169 2710 scriptitavit
1190 2658 1234 2697 et
1265 2656 1383 2698 cuius
1412 2655 1621 2711 plurimae
1651 2655 1737 2710 epi-

217 2715 348 2756 stolae
385 2717 431 2758 in
463 2719 603 2761 codice
640 2724 882 2776 supersunt.
943 2721 1061 2764 Utile
1106 2725 1150 2764 et
1195 2723 1430 2765 iucundum
1475 2724 1540 2765 est
1577 2723 1734 2778 videre,

216 2797 299 2836 qua
329 2784 561 2826 studiorum
590 2788 775 2842 ratione,
809 2790 914 2831 duce
943 2789 1182 2845 Frontone,
1228 2805 1354 2845 quem
1383 2790 1613 2845 plurimum
1644 2791 1736 2832 dili-

217 2851 349 2904 geret,
373 2849 576 2906 Princeps
597 2868 697 2895 usus
728 2856 797 2909 sit,
830 2857 1019 2904 omnium
1043 2859 1115 2912 qui
1136 2858 1298 2900 Romae
1328 2859 1596 2913 imperarunt
1625 2858 1734 2913 opti-
