1968 3158
467 205 532 240 AD
557 205 606 240 M.
626 204 883 240 CAESAREM
908 204 970 238 ΕΤ
998 202 1201 238 lNVlCEM
1226 201 1370 236 LIBER
1395 200 1455 235 111.
1676 200 1732 241 45

193 322 268 377 cis,
313 324 405 363 tum
444 335 513 362 me
551 334 733 362 recreas.
803 318 862 360 Et
899 318 1110 360 libenter¹
1158 319 1202 358 et
1245 316 1379 358 otiose
1424 328 1520 370 age.
1583 313 1732 356 Sentio

191 404 295 446 ergo
332 391 449 431 recte
494 388 637 430 fecisti
648 389 679 442 ²,
726 387 838 443 quod
884 385 1062 428 brachio
1109 385 1298 427 curando
1342 397 1517 438 operam
1562 381 1730 424 dedisti.

191 457 288 514 Ego
331 471 498 513 quoque
536 456 662 498 hodie
694 471 719 497 a
749 454 934 510 septima
970 454 1018 495 in
1056 452 1215 495 lectulo
1255 451 1456 494 nonnihil
1487 451 1594 507 legi:
1632 464 1734 492 nam

192 526 360 570 εἰκόνας
391 525 538 567 decem
567 524 704 566 ferme
734 522 944 577 expedivi.
1007 520 1137 563 Nona
1165 523 1209 562 te
1240 520 1402 562 socium
1440 522 1484 562 et
1514 519 1734 574 optionem

121 640 123 643 ,
191 593 298 636 mihi
336 607 472 648 sumo,
512 607 614 635 nam
651 591 794 633 minus
832 589 1022 633 secunda
1065 588 1150 630 fuit
1186 588 1233 630 in
1270 587 1566 643 persequendo
1612 586 1732 628 mihi.

192 662 275 704 Est
303 664 456 721 ‘autem
493 660 605 716 quod
644 660 690 701 in
730 658 874 701 insula
912 657 1105 700 Aenaria
1143 657 1263 698 intus
1305 655 1425 698 lacus
1466 657 1550 697 est:
1600 655 1647 696 in
1686 669 1735 696 eo

191 730 290 773 lacu
335 729 420 772 alia
449 728 483 786 13
515 727 658 771 insula
707 729 751 769 et
791 726 867 768 ea4
913 739 1080 781 quoque
1125 723 1410 767 inhabitatur.
1476 725 1600 767 Ἔνθ’
1632 724 1735 776 ἐμὴν

194 800 240 842 δ’
269 798 415 842 εἰκόνα
452 800 662 850 ποιοῦμεν
676 796 704 838 ⁵.
764 794 875 837 Vale
914 793 1163 836 dulcissima
1202 793 1361 834 anima.
1423 791 1611 833 Domina
1641 805 1737 833 mea

192 869 236 909 te
267 865 442 909 salutat.

698 978 839 1021 VIII.
884 977 1088 1020 Domino
1118 975 1236 1019 Meo.

1637 1030 1662 1039 l

306 1083 563 1139 Imaginem,
586 1096 726 1137 -quam
755 1083 799 1123 te
830 1094 1034 1136 quaerere
1066 1080 1142 1134 ais,
1181 1093 1334 1134 meque
1367 1078 1447 1120 tibi
1487 1077 1650 1118 socium
1683 1076 1736 1117 ad

194 1151 487 1208 quaerendum
518 1152 562 1192 et
591 1150 811 1205 obtionem
841 1149 988 1203 sumis,
1021 1162 1127 1190 num
1157 1147 1335 1190 moleste
1365 1147 1492 1200 feres,
1527 1146 1564 1187 si
1593 1145 1640 1187 in
1660 1147 1736 1186 tuo

195 1223 323 1277 atque
360 1220 407 1262 in
444 1219 510 1261 tui
541 1219 678 1274 patris
725 1217 823 1259 sinu
852 1218 897 1259 id
933 1216 1154 1258 futurum6
1185 1214 1424 1272 quaeram?
1497 1213 1559 1256 Ut
1586 1213 1662 1255 illa
1691 1213 1738 1254 in

194 1290 304 1331 mari
332 1288 455 1331 Ionio
485 1287 598 1329 sive⁷
629 1286 873 1342 Tyrennico
882 1286 913 1341 S,
961 1284 1054 1327 sin9
1085 1298 1186 1326 vero
1224 1284 1367 1339 potius
1407 1283 1455 1325 in
1485 1282 1738 1324 Hadriatico

194 1358 324 1412 mari,
374 1371 449 1398 seu
486 1355 599 1412 quod
637 1355 754 1397 aliud
793 1356 859 1397 est
895 1368 1035 1409 mare,
1083 1353 1174 1396 eius
1211 1367 1371 1394 nomen
1406 1351 1537 1394 maris
1570 1350 1763 1392 addito:¹

195 1425 329 1482 igitur
358 1427 407 1467 ut
435 1424 511 1466 illa
540 1424 588 1467 in
625 1424 735 1470 mari
764 1422 908 1465 insula
939 1421 1131 1464 Aenaria
1170 1421 1328 1463 fluctus
1366 1420 1605 1462 maritimos
1644 1419 1740 1474 ipsa

196 1494 355 1549 accipit
376 1496 513 1548 'atque
544 1492 781 1548 propulsat,
814 1505 1069 1546 omnemque
1091 1490 1178 1532 vim
1210 1490 1424 1543 classium,
1457 1487 1737 1543 praedonum,

196 1562 435 1616 ueluarum,
468 1560 755 1616 procellarum
786 1559 882 1615 ipsa
911 1559 1175 1614 perpetitur3
1206 1559 1325 1599 intus
1358 1559 1503 1598 autem
1524 1556 1570 1597 in
1597 1555 1739 1596 lacu¹⁰

198 1630 328 1672 aliam
358 1629 545 1671 insulam
575 1628 767 1684 protegit
807 1628 861 1669 ab
900 1627 1100 1669 omnibus
1137 1626 1340 1681 periculis
1386 1639 1437 1666 ac
1475 1623 1740 1666 difficultati-

197 1699 277 1740 bus
307 1700 469 1752 tutam3
513 1696 706 1738 omnium
743 1710 845 1737 vero
883 1695 1134 1737 deliciarum
1171 1694 1526 1749 voluptatumque
1565 1691 1740 1747 partici-
1776 1697 1790 1701 “

196 1781 295 1822 pem
324 1792 381 1798 ——-
410 1780 596 1821 namque
625 1764 701 1806 illa
730 1764 849 1805 intus
887 1763 934 1804 in
974 1763 1071 1804 lacu
1100 1759 1245 1804 insula
1284 1776 1417 1817 aeque
1456 1761 1582 1802 undis
1621 1759 1741 1801 allui-

196 1835 329 1889 tur¹¹,
379 1848 504 1876 auras
546 1833 729 1875 salubris
769 1846 903 1888 aeque
942 1831 1114 1886 accipit,
1161 1830 1384 1872 habitatur
1429 1843 1576 1885 aeque,
1623 1842 1741 1870 mare

199 1918 332 1959 aeque
363 1904 611 1958 prospectat
639 1927 696 1933 ——
725 1901 830 1942 item
860 1902 985 1956 pater
1014 1901 1114 1941 tuus
1134 1899 1305 1954 imperii
1333 1899 1499 1941 romani
1522 1897 1742 1939 molestias

200 1974 327 2027 atque
359 1969 637 2013 difficultates
658 1971 750 2024 ipse
780 1968 1035 2024 perpetitur,
1067 1970 1112 2010 te
1133 1969 1278 2010 tutum
1297 1968 1416 2009 intus
1437 1966 1484 2008 in
1507 1965 1743 2021 tranquillo

316 2136 332 2167 l
360 2131 595 2178 Schopenus:
621 2135 813 2167 clementer.

315 2194 335 2225 2
361 2189 592 2235 Schopenus:
621 2191 751 2224 Censeo
783 2201 865 2232 erqo
891 2194 985 2223 recte
1011 2194 1044 2222 te
1065 2188 1203 2231 fecisse.
1260 2183 1461 2232 Hauptius:
1495 2186 1645 2221 nonnihil
1675 2188 1739 2230 eyi.

201 2246 313 2295 Tum:
340 2249 461 2283 Nonae
486 2254 519 2282 te
544 2250 679 2282 socium.
1567 2233 1596 2242 ⁵

316 2309 337 2340 3
361 2303 497 2350 Incipit
523 2303 611 2339 Ood.
637 2302 723 2338 Vat.
749 2314 786 2348 p.
807 2306 882 2338 115.

315 2366 338 2398 4
363 2360 505 2397 Codex:
531 2374 581 2397 eo.
1213 2398 1215 2400 .

317 2423 338 2455 5
362 2418 497 2454 Maius:
523 2419 608 2454 ἔνθε
634 2419 717 2463 μήν.
767 2416 841 2453 Sed
864 2417 959 2452 haec
983 2427 1122 2462 graeca
1145 2415 1313 2451 nondum
1337 2415 1540 2461 persanata
1563 2416 1659 2449 sunt.

318 2479 339 2510 6
364 2474 453 2510 Cod.
481 2486 552 2510 sec.
578 2487 627 2509 m.
649 2479 774 2518 fictum.
824 2473 1041 2520 Schopenus
1067 2476 1151 2509 Sina
1175 2476 1352 2517 efficimus
1377 2485 1547 2518 quaeram.

318 2536 338 2568 7
364 2531 453 2567 Cod.
479 2543 534 2577 pr.
561 2543 609 2566 m.
635 2535 720 2568 sine.

320 2593 341 2624 8
366 2587 427 2624 Sic
452 2588 594 2632 Codex,
617 2587 738 2623 Maius
768 2590 967 2633 Tyrrenico.

319 2651 339 2683 9
365 2645 454 2682 Ood.
480 2658 535 2692 pr.
562 2657 610 2680 m.
637 2649 716 2681 sive.
774 2644 990 2690 Schopenus
1019 2648 1088 2680 sive
1119 2649 1246 2690 potius.
1293 2635 1474 2678 Miraculo
1507 2644 1563 2678 est
1592 2642 1748 2678 Fronto-

204 2715 291 2740 nem
315 2712 390 2739 non
412 2714 523 2739 nosse
540 2701 741 2738 Aenariam
763 2700 933 2737 insulam.
972 2700 1184 2737 Verborum
1209 2700 1342 2736 artifex
1366 2700 1459 2735 nihil
1476 2701 1582 2735 curat
1597 2700 1748 2746 praeter

208 2762 356 2797 εἰκόνας
382 2771 476 2795 suas.
526 2760 658 2804 Itaque
683 2758 791 2794 facile
817 2758 927 2794 credo
951 2757 1199 2802 Buttmanno,
1232 2768 1308 2792 non
1336 2757 1564 2792 intellexisse
1592 2757 1747 2792 Fronto-

207 2829 294 2854 nem
318 2828 432 2862 supra
454 2817 482 2852 I.
502 2821 533 2860 5,
559 2827 633 2861 quo
660 2826 771 2850 sensu
794 2816 842 2851 M.
864 2813 1002 2851 Caesar
1027 2814 1181 2850 dixisset
1206 2819 1308 2858 lacus,
1334 2814 1361 2859 I,
1378 2819 1410 2850 4.

303 2879 343 2909 10
368 2874 456 2909 Cod.
483 2886 539 2920 pr.
565 2886 614 2908 m.
643 2878 759 2908 lacum.

302 2935 341 2970 11
369 2930 456 2967 Cod.
482 2942 538 2978 pr.
566 2943 614 2965 m.
642 2934 755 2967 alitur.
