1968 3158
214 151 327 182 XXIV
789 130 1162 168 PROLEGOMENA.

214 268 297 308 qua
326 251 461 293 Marci
491 250 578 290 filia
609 250 713 290 erat.
763 247 913 301 Itaque
942 245 1062 286 illam
1092 245 1212 286 duxit
1243 245 1289 287 C.
1322 245 1518 288 Aufidius
1549 245 1735 288 Victori-

213 335 293 362 nus
324 319 483 360 duobus
514 317 702 358 tribusve
734 314 858 356 annis
890 314 1118 368 antequam
1146 312 1191 354 in
1214 312 1490 355 Germaniam
1519 315 1736 369 profectus

215 390 291 441 est,
326 388 437 429 circa
468 398 628 426 annum
661 383 754 437 160,
787 397 888 424 nam
910 381 1069 423 bellum
1091 381 1291 423 adversus
1314 381 1461 424 Cattos
1491 384 1737 438 susceptum

214 457 277 496 est
307 454 451 495 eodem
480 452 569 493 fere
598 453 790 506 tempore
820 465 902 505 quo
932 449 1091 511 bellum
1121 449 1322 491 adversus
1352 449 1550 504 Parthos,
1582 464 1736 505 nempe

214 536 325 563 anno
360 520 451 562 162.
511 519 634 561 Facit
663 518 743 560 hoc
781 518 833 560 ad
869 518 1164 573 indagandum
1199 519 1388 572 tempus,
1432 531 1515 580 quo
1552 517 1736 573 scriptae

214 592 314 632 sunt
357 588 587 630 Frontonis
626 586 830 642 epistolae
875 586 927 628 ad
972 600 1191 642 generum.
1252 584 1415 627 Eadem
1454 600 1583 641 opera
1622 600 1738 629 nunc

215 659 383 699 constat
420 657 471 697 de
510 670 648 711 anno,
681 669 764 710 quo
793 654 883 697 fere
923 654 1085 709 scripta
1122 656 1187 695 est
1224 653 1376 696 ultima
1415 653 1595 708 epistola
1640 653 1736 696 libri

212 724 387 767 secundi
418 724 471 765 ad
502 723 690 765 Amicos.

322 791 375 833 In
414 791 538 846 epist.
578 791 654 846 IV,
705 792 753 832 11
800 790 990 832 videmus
1034 790 1271 832 Domitiam
1314 790 1433 832 illam
1470 789 1736 844 Faustinam,

213 875 320 915 quae
350 859 487 901 Marci
507 857 692 901 filiarum
721 861 827 900 natu
851 859 1037 900 maxima
1069 860 1174 912 erat,
1207 858 1397 913 graviter
1427 860 1737 914 aegrotantem.

214 928 333 971 Obiit
368 930 519 969 tenera
557 929 718 982 aetate3
765 929 807 969 et
845 927 953 968 aliae
992 940 1156 981 quoque
1200 926 1337 968 Marci
1380 925 1494 968 filiae
1538 926 1740 980 parvulae

212 997 326 1052 patri
357 997 528 1051 ereptae
558 997 671 1050 sunt,
712 1010 815 1036 nam
853 1010 949 1037 cum
983 994 1030 1036 L.
1063 994 1201 1036 Verus
1233 1005 1346 1036 anno
1380 994 1459 1036 162
1496 994 1543 1035 111
1573 993 1742 1049 Syriam

212 1065 563 1120 proficisceretur,
606 1063 784 1118 Lucilla,
824 1063 1008 1104 filiarum
1047 1077 1151 1118 quas
1190 1064 1295 1104 tunc
1332 1062 1520 1104 habebat
1555 1062 1742 1103 maxima

213 1134 333 1187 natu,
375 1132 565 1173 nondum
604 1131 763 1173 nubilis
808 1131 977 1173 videtur
1015 1131 1161 1172 fuisse.
1222 1130 1343 1180 Quod
1383 1130 1541 1172 Fronto
1578 1129 1741 1184 prolixe

214 1200 442 1255 respondet
470 1200 517 1242 in
549 1199 728 1255 epistola
757 1198 833 1254 IV,
867 1199 932 1254 12,
965 1199 1190 1241 ridiculum
1219 1198 1266 1241 in
1286 1199 1458 1241 modum
1481 1198 1742 1241 calamistra-

215 1270 306 1310 tum
337 1269 415 1310 681.
1443 1310 1449 1316 .

328 1335 568 1391 Epistolam
597 1335 651 1390 V,
683 1336 751 1390 30,
791 1336 838 1377 in
868 1350 951 1390 qua
985 1335 1146 1377 Fronto
1177 1335 1349 1378 Caesari
1385 1349 1544 1377 novum
1583 1351 1743 1377 annum

214 1404 404 1446 faustum
443 1406 486 1446 et
523 1418 770 1459 prosperum
816 1405 1030 1458 precatur,
1076 1404 1296 1446 retulerim
1340 1403 1393 1444 ad
1439 1418 1600 1450 annum
1647 1404 1741 1458 141,

217 1473 315 1527 quia
353 1472 499 1513 Marco
537 1486 624 1513 non
663 1473 728 1513 est
764 1471 849 1513 nisi
887 1472 1015 1513 unica
1054 1472 1157 1513 filia.
1219 1471 1467 1526 Respondet
1505 1471 1661 1513 Caesar
1696 1472 1744 1514 in

217 1540 339 1594 epist.
380 1540 433 1591 V,
465 1540 533 1582 31.
594 1539 863 1594 Coniungam
908 1554 1003 1580 cum
1048 1539 1116 1580 his
1154 1538 1347 1582 Caesaris
1393 1539 1618 1594 epistolam
1662 1539 1742 1594 ΙΙΙ,

222 1608 284 1649 17.
344 1607 397 1648 In
443 1607 533 1649 eius
579 1607 958 1649 declamationibus
1003 1607 1162 1648 Fronto
1210 1607 1415 1662 quaedam
1465 1607 1742 1662 improbarat,

217 1675 343 1716 sicuti
372 1675 476 1716 fecit
514 1675 561 1716 in
591 1675 806 1729 superiore
837 1689 1002 1730 quoque
1038 1675 1218 1730 epistola
1256 1675 1335 1729 ΙΙΙ,
1384 1675 1448 1729 16,
1487 1689 1746 1730 quamquam

216 1757 331 1784 nunc
390 1742 560 1797 quidem
607 1743 836 1784 Frontonis
890 1740 1202 1785 admonitiones
1254 1743 1486 1798 perierunt.
1566 1742 1746 1785 Dixerat

217 1810 424 1864 quaedam
455 1810 611 1853 Caesar
639 1811 687 1852 in
717 1812 893 1865 senatu,
934 1811 1007 1852 sed
1037 1811 1220 1852 multum
1249 1811 1404 1852 metuit
1435 1826 1490 1852 ne
1519 1826 1746 1867 perperam

218 1878 385 1919 dixerit.
432 1878 567 1920 Simul
613 1893 708 1919 cum
744 1879 868 1933 epist.
915 1879 995 1934 ΙΙΙ,
1046 1879 1097 1921 18
1145 1878 1301 1921 036831·
1337 1879 1521 1921 remittit
1561 1879 1746 1922 Gracchi

218 1945 447 2000 orationes,
481 1960 585 1999 quas
615 1946 823 2001 magister
854 1946 891 1988 ei
922 1947 1097 1988 dederat
1127 1947 1347 2002 legendas.
1408 1946 1558 1988 Brevis
1597 1947 1746 1990 itidem

219 2015 284 2054 est
314 2013 494 2067 epistola
523 2012 602 2068 ΙΙΙ,
638 2014 689 2055 19
720 2013 912 2056 Caesaris
954 2014 1006 2055 ad
1043 2013 1305 2056 Frontonem
1342 2015 1480 2057 denuo
1521 2018 1746 2070 aegrotan-

218 2083 320 2121 tem.
365 2080 606 2134 Epistolam
635 2081 713 2135 III,
745 2081 802 2122 20
830 2081 990 2123 Fronto
1022 2082 1171 2123 scribit
1200 2083 1253 2124 ad
1284 2082 1508 2125 Caesarem
1537 2083 1747 2125 rustican-

218 2150 327 2202 tem3
357 2149 473 2189 totus
505 2150 570 2190 681
598 2148 669 2190 1116
700 2148 745 2191 111
778 2148 941 2191 Galbae
981 2149 1246 2192 orationibus
1277 2150 1484 2206 legendis,
1524 2151 1598 2193 sed
1637 2166 1746 2194 com-

218 2215 361 2269 plures
393 2215 597 2270 epistolae
628 2216 860 2270 perierunt.
920 2217 1102 2259 Interim
1138 2217 1294 2260 Caesar
1323 2220 1447 2261 tanto
1478 2219 1618 2261 studio
1649 2234 1746 2274 ope-

219 2297 311 2324 ram
342 2283 472 2324 dabat
500 2283 671 2337 litteris,
711 2286 760 2325 ut
788 2299 877 2326 non
915 2284 1020 2326 satis
1051 2286 1189 2327 somni
1221 2289 1393 2341 caperet
1424 2287 1477 2328 ad
1514 2287 1621 2329 vires
1651 2288 1745 2329 refi-

221 2351 406 2392 ciendas.
457 2351 607 2406 Itaque
628 2351 788 2393 Fronto
819 2367 916 2394 eum
944 2352 1141 2395 hortatus
1174 2356 1279 2409 erat,
1311 2357 1361 2396 ut
1383 2355 1616 2397 valetudini
1648 2371 1744 2398 con-

220 2418 395 2473 suleret3
428 2419 481 2460 ad
510 2418 624 2461 hanc
655 2419 880 2474 epistolam
911 2420 1067 2463 Caesar
1095 2422 1326 2476 respondet
1354 2422 1433 2477 ΙΙΙ,
1465 2423 1534 2464 21.

331 2486 493 2528 Eodem
530 2501 643 2529 anno
688 2488 849 2543 scripta
892 2489 1060 2531 videtur
1088 2489 1317 2532 Frontonis
1362 2490 1543 2545 epistola
1579 2491 1633 2546 V,
1673 2491 1743 2534 54.

221 2553 418 2596 Graviter
454 2557 650 2611 aegrotat
686 2571 823 2611 neque
860 2556 1092 2599 Dominum
1122 2572 1244 2600 suum
1282 2558 1419 2600 natali
1457 2558 1524 2600 die
1560 2559 1744 2601 invisere
1775 2603 1781 2610 ,

219 2622 374 2676 potuit.
435 2622 472 2663 E
512 2622 704 2665 Caesaris
735 2625 943 2680 rescripto
974 2625 1113 2667 efficio
1142 2626 1374 2668 Frontonis
1414 2626 1525 2668 diem
1554 2626 1744 2669 natalem

219 2689 351 2730 fuisse
381 2691 529 2732 statim
557 2694 656 2746 post
694 2691 887 2734 Caesaris
926 2693 1115 2735 natalem
1157 2694 1269 2736 diem
1303 2695 1450 2749 itaque
1488 2694 1555 2735 die
1592 2695 1744 2749 quinto

222 2755 317 2797 Kal.
361 2756 462 2798 Mai.
523 2758 750 2802 Praeterea
794 2763 895 2802 sunt
941 2761 1090 2804 breves
1130 2762 1335 2817 epistolae
1371 2761 1426 2815 V,
1458 2761 1527 2803 56.
1559 2762 1627 2803 57.
1667 2762 1743 2818 583

222 2823 373 2864 ultima
402 2823 555 2868 harum
585 2827 746 2883 scripta
774 2829 860 2871 fuit
888 2829 1028 2871 media
1056 2829 1209 2885 hieme,
1243 2844 1339 2872 cum
1359 2828 1515 2872 Caesar
1543 2828 1743 2873 Centum-
