1968 3158
305 160 385 201 196
576 159 624 192 M.
653 157 880 193 CORNELII
903 158 1182 200 FRONTONIS
1206 140 1546 196 EPISTULARUM

301 287 379 314 nas
411 274 523 312 artes
560 285 719 326 magno
758 286 883 327 opere
922 274 1064 315 studet
1095 274 1294 329 adipisci,
1334 288 1439 329 quas
1478 275 1655 330 adeptus
1692 289 1828 318 necne

301 340 371 393 sit,
403 353 492 380 non
523 339 666 396 studet
703 340 835 382 scire¹
872 374 1146 382 .......
1164 346 1220 382 ”.3
1257 341 1308 383 de
1339 342 1555 384 sententia
1594 376 1601 383 .
1638 377 1645 384 .
1687 359 1829 386 cumu-

300 407 388 448 lare
422 440 429 447 .
467 441 474 447 .
510 407 686 448 verbum
716 409 827 463 quod
857 409 903 450 in
935 409 1152 451 sententia
1185 443 1193 450 .
1231 443 1238 450 .
1274 410 1392 452 curia
1425 443 1432 451 .
1470 443 1477 451 .
1510 424 1620 464 qur.
1657 443 1665 452 .
1697 411 1829 454 miror

303 508 310 515 .
347 508 355 515 .
389 475 602 530 principio
636 508 644 516 .
681 509 689 516 .
723 476 790 517 sin
821 477 1044 531 repudium
1075 477 1175 519 dare
1215 479 1258 519 et
1297 477 1468 520 Gneus²
1498 477 1640 519 orbari
1677 479 1827 534 possit,

299 542 342 584 id
374 542 534 584 dubito.
586 543 782 598 Namque
811 544 855 585 id
886 545 997 599 quod
1026 544 1206 601 longum
1235 546 1304 600 sit,
1337 560 1460 601 posse
1490 545 1707 587 interdum
1735 546 1829 588 fieri

299 611 483 666 longius,
518 610 652 652 altum
683 611 832 666 altius,
865 627 1140 655 numerosum
1170 614 1458 656 numerosius:
1509 612 1617 655 haec
1648 615 1691 655 et
1720 614 1827 656 eius-

299 679 411 720 modi
457 679 587 720 verba
632 679 752 721 video
799 680 1024 722 admittere
1071 681 1238 736 aliquod
1286 682 1471 737 augendi
1514 681 1826 724 laxamentum:

299 746 426 802 pleno
457 749 601 788 autem
629 747 799 802 plenius
829 748 938 789 nihil
962 749 1054 790 fieri
1084 764 1221 804 posse.
1264 749 1377 791 Nam
1406 749 1607 804 poculum
1635 749 1828 804 profecto

300 815 335 856 si
364 814 541 870 plenum
573 817 649 869 sit,
687 816 866 871 3³magis
898 816 1087 872 conpleri
1118 817 1280 858 frustra
1309 817 1520 872 postuleS‚
1556 818 1640 859 nisi
1672 817 1826 860 effude-

298 883 385 924 risb
421 916 873 925 ...........
935 884 1166 926 Enimvero
1210 885 1362 939 quom⁴¹
1399 885 1595 927 omnibus
1640 885 1827 941 negotiis

300 949 476 1008 [a]rtata
514 951 602 992 sint
641 954 834 1007 tempora
868 986 876 993 .
912 985 920 993 .
960 954 1129 1008 tempus
1161 952 1342 994 alterum
1376 986 1383 993 .
1420 987 1428 994 .
1463 954 1738 995 coniunctum
1768 953 1826 995 al—

297 1020 458 1073 terum,
506 1024 676 1074 reputes
716 1034 811 1061 cum
849 1020 992 1062 animo
1029 1022 1103 1062 tuo
1142 1035 1198 1062 an
1227 1020 1313 1062 ista
1344 1034 1471 1062 causa
1500 1022 1670 1076 tempus
1701 1035 1825 1077 argu—

296 1087 432 1128 menti
462 1087 671 1142 probandi
705 1090 848 1129 careat
859 1089 886 1128 ⁵.
930 1089 1177 1144 Antequam
1209 1089 1379 1131 decurio
1403 1122 1410 1129 .
1438 1122 1446 1130 .
1479 1103 1555 1144 per
1579 1122 1586 1129 .
1623 1089 1661 1129 .⁶
1692 1089 1827 1130 creari

291 1154 464 1208 debuit,
499 1156 667 1196 creatus
689 1157 772 1210 est3
803 1156 876 1197 ubi
899 1159 1065 1199 creatus
1088 1159 1164 1211 est,
1197 1171 1403 1212 usurpare
1433 1156 1638 1199 honorem
1659 1156 1826 1210 debuit3

295 1221 575 1263 multifariam
605 1223 840 1278 usurpavit.

410 1289 643 1345 Postquam
663 1292 898 1346 usurpavit,
921 1292 1200 1347 pensionibus
1228 1292 1387 1334 inferre
1408 1292 1637 1347 pecuniam
1658 1291 1824 1346 debuit3

297 1359 447 1412 quater
476 1357 637 1399 intulit.
698 1358 849 1400 Munia
879 1359 1180 1402 decurionatus
1204 1393 1391 1401 .....
1405 1360 1420 1384 ⁷
1451 1362 1495 1402 et
1526 1361 1668 1402 esset.
1695 1393 1703 1400 .
1734 1360 1824 1415 qui-

297 1425 392 1467 dem
417 1459 425 1466 .
452 1458 460 1466 .
493 1425 660 1467 labrum
691 1440 785 1468 sum
809 1460 816 1467 .
844 1460 852 1467 .
887 1429 930 1469 et
958 1429 1083 1469 tanta
1111 1428 1311 1470 redentas
1340 1442 1493 1483 parum
1522 1426 1683 1483 valent,
1706 1427 1823 1482 quid-

296 1493 398 1547 quid
419 1492 504 1534 huc
526 1493 717 1535 additum
737 1494 869 1536 fuerit
881 1528 892 1549 ,
909 1494 1071 1536 frustra
1102 1495 1372 1537 abundavitss.
1414 1494 1528 1536 Nam
1549 1495 1622 1536 ubi
1643 1509 1750 1549 quae
1771 1494 1825 1536 ad

295 1560 422 1602 fidem
453 1562 520 1602 sat
550 1575 641 1602 esse
672 1563 853 1617 oportet,
886 1563 990 1604 satis
1018 1563 1148 1605 iudici
1169 1577 1257 1604 non
1288 1564 1403 1617 sunt,
1435 1562 1578 1604 nullus
1608 1563 1707 1605 finis
1737 1577 1822 1604 am-

295 1628 535 1684 biguitatis.
597 1629 658 1671 Ut
687 1632 849 1671 rectam
879 1631 1085 1686 ingressis
1118 1630 1230 1672 viam
1262 1632 1402 1672 certus
1432 1630 1600 1673 itineris
1631 1632 1696 1672 est
1723 1621 1823 1672 finis

296 1710 346 1738 ac
375 1697 546 1751 modus,
580 1697 821 1739 errantibus
853 1700 996 1740 autem
1025 1713 1256 1755 peragrare
1279 1698 1449 1741 facilius
1480 1700 1545 1741 est
1574 1697 1702 1755 quam
1729 1713 1822 1754 per·
1875 1727 1880 1732 -

295 1764 463 1806 veniree
498 1799 505 1805 .
543 1798 550 1806 .
591 1766 777 1808 minores
818 1766 876 1808 sis
918 1800 1103 1808 .....
1119 1766 1150 1823 19
1210 1766 1339 1809 Nunc
1378 1768 1452 1808 aut
1492 1800 1500 1807 .
1537 1799 1545 1807 .
1585 1766 1693 1809 alter
1729 1768 1822 1809 ten-

293 1834 390 1874 tent
430 1866 437 1873 .
474 1866 481 1873 .
522 1835 730 1887 quantum
768 1836 853 1888 est,
902 1835 987 1876 nisi
1025 1834 1136 1889 quod
1174 1836 1276 1876 sunt
1307 1867 1316 1875 .
1348 1834 1655 1889 Lenissimum,
1702 1849 1821 1877 man-

408 2002 431 2025 a
455 1994 499 2025 In
523 1996 673 2036 margine
697 1996 838 2027 alterius
862 1997 1031 2028 columnae
1055 2007 1149 2038 sup:
1191 1992 1372 2029 Donicum
1395 2002 1463 2038 pro
1489 1992 1616 2028 donec.

406 2047 430 2081 b
460 2050 500 2082 In
531 2052 683 2092 margine
713 2053 770 2083 alt.
804 2053 865 2086 col.
898 2062 992 2093 sup:
1035 2049 1128 2084 Sunt
1157 2049 1273 2084 verba
1298 2050 1360 2094 (ita
1387 2050 1484 2094 Cod.)
1515 2049 1693 2094 pleraque
1725 2060 1819 2094 quae

293 2103 496 2138 admittunt
520 2115 551 2138 a.
579 2115 610 2138 a.
638 2104 659 2138 1.
687 2123 730 2128 —
754 2115 875 2149 posse.
925 2105 1021 2140 Nam
1047 2106 1085 2140 et
1107 2106 1281 2150 poculum
1307 2105 1338 2140 si
1361 2125 1406 2130 —
1430 2105 1612 2141 effuderis.

407 2171 425 2194 c
450 2163 493 2194 In
518 2164 682 2205 maryine:
708 2160 805 2195 Nam
829 2160 892 2194 ubi
918 2171 1012 2205 quae
1037 2161 1085 2195 ad
1109 2162 1132 2195 f.
1158 2182 1204 2190 --
1226 2161 1433 2207 pervenire.

407 2299 425 2330 1
450 2295 480 2330 E
504 2295 674 2340 margine
698 2295 882 2332 inferiore.

406 2355 426 2386 2
452 2350 528 2386 Sor.
557 2355 681 2397 gnatis.
723 2354 957 2388 Buttmannus.

405 2412 425 2443 3
451 2407 626 2453 Sequitur
651 2407 738 2443 Cod.
765 2421 800 2454 p.
830 2413 906 2453 302,
931 2410 1097 2445 obscura.

403 2468 425 2499 4
448 2464 567 2500 Maius
590 2465 736 2511 legerat
760 2478 863 2510 quem.

404 2525 424 2556 5
449 2520 606 2566 Supplet
628 2521 881 2557 Heindorfius:
908 2525 1088 2558 Enimvero
1105 2526 1253 2568 quamvis
1269 2526 1418 2558 omnibus
1443 2528 1586 2569 neyotiis
1610 2532 1726 2560 artata
1749 2529 1817 2561 sint

291 2585 459 2622 tempora,
492 2589 575 2612 oum
600 2577 752 2613 alterius
786 2586 913 2624 tempus
936 2579 1066 2615 trudat
1094 2584 1255 2615 alterum:
1293 2579 1384 2614 fflud
1407 2581 1535 2616 tamen
1558 2589 1698 2626 reputes
1721 2585 1815 2617 velim

290 2648 360 2668 cum
384 2638 492 2669 animo
519 2642 584 2674 tuo,
610 2649 655 2669 an
677 2634 716 2669 in
741 2638 807 2670 isca
831 2648 936 2671 causa
959 2643 1089 2681 tempus
1113 2640 1300 2681 argumenti
1322 2639 1494 2681 probandi
1516 2648 1654 2673 careas.

402 2694 422 2725 6
446 2690 681 2726 Heindorfius
705 2692 853 2738 supplet
879 2696 1015 2727 curiam.

402 2750 421 2781 7
446 2747 581 2792 Incipit
606 2748 777 2783 columna
801 2748 929 2784 altera.

402 2806 422 2836 8
446 2803 588 2848 Nempe
613 2815 681 2849 pro
707 2807 903 2842 abundabit.

401 2863 420 2892 9
446 2857 620 2903 Sequitur
646 2860 732 2895 Cod.
753 2873 788 2905 p.
805 2865 880 2905 301,
905 2862 943 2896 in
968 2872 1042 2906 qua
1064 2862 1287 2907 paucissima
1310 2862 1421 2898 hodie
1444 2864 1601 2908 possunt
1625 2863 1811 2909 distingui.
