1968 3158
634 164 695 201 VI.
748 164 897 203 INDEX
926 162 1380 202 ORTHOGRAPHICUS.

283 290 320 328 p.
356 282 437 322 113,
468 279 744 316 Demosthenen
776 291 812 326 p.
840 282 901 323 28,
926 278 990 314 So-

285 337 430 380 craten,
456 337 679 382 Polycraten
696 349 732 383 p.
752 340 833 380 143,
857 335 990 373 Ulixen

283 405 320 440 p.
351 397 408 437 10,
434 393 592 430 Phidian
616 405 652 440 p.
679 397 734 430 28.

240 450 271 487 0
298 464 364 486 non
388 454 529 487 elidum·
551 455 585 487 in
603 462 742 496 magno
760 462 891 496 opere,
916 461 990 485 mu.-

1689 163 1769 206 281

1071 278 1212 315 sumtus
1242 285 1276 314 et
1305 278 1474 325 sumptus
1496 289 1533 325 p.
1559 281 1619 321 99,
1648 277 1777 324 suplex

1071 341 1104 372 et
1122 335 1289 382 supplex,
1306 334 1485 382 suplicavi
1509 342 1543 371 et
1561 333 1778 381 supplicavi,

1072 391 1211 439 operiri
1249 399 1282 428 et
1318 390 1483 439 opperiri
1521 394 1638 428 eodem
1675 403 1778 427 sensu

1072 453 1294 495 eaepectandi.

287 507 387 543 ximo
412 517 543 553 opcrc,
569 508 709 553 quanto
730 517 860 553 opere,
884 506 991 542 tanto
1027 505 1237 542 Promiscus
1260 509 1422 542 scribitur
1445 508 1540 551 apud
1562 507 1777 544 Frontonem,

286 574 416 611 opere,
452 578 519 610 pro
555 574 801 611 magnopere,
838 562 990 600 maxim-

1070 565 1280 608 improlmtur
1309 566 1403 608 apud
1442 564 1652 598 Victorinum
1676 563 1777 597 2457.

285 632 398 667 opere
417 628 481 657 ete.
525 623 635 657 Haud
654 628 764 656 tamen
782 627 989 657 constanter.
1024 619 1188 665 Porgere
1218 633 1284 665 pro
1314 619 1508 666 porrigere
1540 630 1576 665 p.
1610 621 1685 654 106.
1720 619 1776 660 Cf.

241 678 272 715 Ο
295 691 362 723 pro
388 690 428 722 u,
451 678 582 724 tropos
602 689 638 724 p.
662 681 742 721 181,
768 676 935 713 cotornix
951 689 988 723 p.

1071 679 1230 713 comen.
1257 679 1405 721 Ausspr.
1431 675 1475 711 II.
1502 687 1537 721 p.
1564 678 1620 710 49.

288 737 363 770 146.
399 736 514 779 Caper
535 741 647 770 tamen
666 737 755 770 2248
789 736 907 770 scribit
932 746 989 769 cu·
1024 732 1212 770 Prendere
1225 744 1262 779 p.
1278 735 1354 776 156,
1380 731 1653 778 reprehendere
1669 742 1705 777 p.
1723 733 1780 774 44,

286 790 421 827 turnjx.
448 793 494 835 cf.
522 794 669 827 Cor-esen
694 794 855 838 Beitrdqe
878 803 915 837 p.
936 794 988 827 17.

286 847 425 893 Volpes
460 858 496 892 p.
529 851 584 884 20.
617 852 693 883 225.
734 851 822 897 Vide
859 851 903 884 de
938 850 990 883 Itis

291 906 431 940 Putsck.
455 907 561 948 2216,
592 908 681 941 2289
705 912 739 940 et
769 907 906 953 Quintil.
932 904 948 939 I
974 907 996 939 4

288 965 308 1005 ἕ
346 965 399 997 16.
440 964 580 1007 Longus
615 967 726 997 tamen
753 966 842 997 2222
873 968 994 1001 monet,

288 1025 432 1061 veteres,
457 1022 558 1054 etiam
581 1032 654 1054 cum
673 1031 742 1064 per·
759 1028 781 1053 o
796 1020 997 1060 scriberent,

1071 789 1367 836 repraehendere
1396 801 1432 835 p.
1458 793 1512 824 44.
1539 792 1592 824 55.
1644 789 1779 824 Utram-

1075 860 1138 893 que
1163 850 1368 892 scripturam
1391 848 1545 891 agnoscit
1571 847 1781 890 Papirianae

1075 907 1176 939 2291.
1215 905 1288 938 Sed
1315 901 1499 948 prendere
1521 904 1655 937 videtur
1676 903 1783 937 scre'bi

1075 963 1263 1005 elegantius
1276 966 1310 995 et
1323 962 1532 994 emendatius
1549 960 1669 1004 Lonqo
1678 961 1780 1000 2229,

1075 1019 1176 1053 2234.
1212 1018 1264 1060 Cf.
1286 1019 1443 1053 Corssen.
1469 1017 1618 1060 Ausspr.
1636 1014 1652 1050 1
1668 1026 1706 1061 p.
1725 1017 1779 1050 51.

288 1089 355 1121 per
375 1087 400 1110 u
422 1082 534 1111 tamen
557 1078 795 1111 enuntiavisse.
831 1077 889 1110 Sic
913 1086 996 1119 erqo
1031 1072 1235 1109 Patricoles
1262 1085 1330 1117 pro
1354 1071 1548 1108 Patroclus
1576 1084 1612 1118 p.
1641 1074 1694 1106 14.
1730 1073 1782 1114 Cf.

289 1137 399 1177 infimo
422 1145 504 1168 aevo
522 1130 682 1178 epistola
696 1133 911 1168 scribebatur
930 1144 998 1176 per

1079 1132 1236 1165 Corssen.
1263 1130 1412 1173 Ausspr.
1437 1128 1465 1164 Ι.
1490 1140 1525 1174 p.
1549 1131 1627 1164 258.
1653 1130 1732 1163 296.

290 1200 323 1232 ο,
338 1191 627 1235 pronuntiabatur
641 1202 708 1234 per·
719 1200 754 1224 u.
770 1207 814 1214 -·
833 1191 878 1232 cf.
893 1190 999 1229 Cors-
1032 1185 1218 1229 Quattuor
1239 1191 1452 1228 constanter,
1478 1183 1734 1230 quattriduum
1751 1191 1785 1219 et

287 1259 350 1282 sen
366 1247 588 1291 Ausspraclze
600 1245 617 1280 Ι
633 1249 756 1291 p.260.
775 1248 852 1281 308.
879 1246 1003 1282 ΓΙεεΙσι

289 1306 392 1338 cisen.
418 1305 564 1348 Fiinfziq
588 1304 727 1337 Artikel
749 1314 785 1348 p.
814 1305 866 1337 17.
892 1344 894 1346 ¹

1078 1241 1319 1288 quatriduum
1355 1245 1490 1276 variant
1525 1253 1561 1287 p.
1591 1245 1666 1277 136.
1705 1244 1781 1276 224.

1077 1300 1287 1334 Fleckeisen.
1326 1300 1474 1343 Ffinfziy
1498 1299 1638 1347 Artilqel
1666 1309 1702 1344 p.
1729 1301 1783 1333 25.

244 1359 298 1395 Oe
321 1372 386 1404 pro
403 1370 424 1394 e
448 1358 625 1395 oboedire
647 1371 683 1405 p.
707 1362 783 1395 134.
820 1360 873 1402 Cf.
895 1360 996 1394 Cors-
1033 1355 1155 1398 Quom
1177 1358 1366 1391 comitatum
1382 1357 1577 1400 siqnificans
1599 1366 1635 1401 p.
1654 1358 1686 1390 4.
1708 1357 1783 1389 122.

287 1429 360 1463 sen.
377 1419 524 1461 Ausspr.
537 1415 554 1450 I
570 1427 607 1461 p.
626 1419 701 1460 197,
719 1418 796 1451 204.
830 1417 998 1460 Beitrd'ye

1081 1415 1157 1448 136.
1186 1415 1261 1448 180.
1294 1413 1421 1446 Variat
1443 1423 1479 1457 p.
1507 1415 1561 1447 58.

290 1485 326 1518 p.
355 1477 430 1509 189.
481 1474 689 1508 Fleckeisen.
721 1475 869 1517 Fitnsziy
900 1474 999 1507 Arti—
1033 1469 1067 1504 R
1083 1472 1277 1505 detrahitur
1292 1479 1461 1514 prosum,
1478 1478 1627 1514 prosus,
1649 1479 1786 1511 rusum,

289 1532 345 1565 ket
367 1541 403 1575 p.
430 1533 485 1566 22.

246 1587 299 1622 Oe
322 1599 390 1632 pro
406 1598 447 1630 u,
471 1585 631 1631 inpoene
650 1597 687 1631 p.
710 1589 789 1629 100,
817 1595 999 1621 commoe-

291 1644 355 1679 nio
380 1655 417 1690 p.
444 1646 522 1678 228.

247 1699 304 1736 Ob
334 1713 400 1745 pro
430 1710 478 1745 op
511 1707 544 1735 et
574 1703 644 1734 vice
675 1711 792 1740 versa,
824 1699 1000 1735 obtabilis

292 1768 328 1802 p.
357 1759 416 1800 18,
442 1756 546 1791 obtio
562 1768 598 1802 p.
617 1759 680 1799 45,
706 1755 850 1801 opsidio
867 1768 903 1802 p.
922 1760 1000 1799 207,

1080 1537 1203 1569 rusus,
1233 1537 1269 1571 p.
1300 1528 1355 1560 88.
1391 1528 1466 1560 115.
1502 1528 1576 1561 155.
1618 1527 1691 1560 Sed
1719 1537 1786 1559 non

1078 1595 1214 1627 semper
1243 1596 1271 1617 υ.
1303 1595 1357 1627 qr.
1389 1594 1425 1628 p.
1453 1586 1507 1618 95.
1537 1585 1612 1617 101.
1638 1584 1692 1617 38.
1728 1583 1787 1616 Sic

1081 1641 1281 1674 Priscianus
1305 1642 1393 1675 2319
1418 1650 1563 1674 sursum
1594 1645 1628 1674 et
1650 1649 1785 1673 susum.

1080 1698 1135 1740 Cf.
1173 1698 1331 1731 Corssen.
1365 1699 1512 1741 Ausspr.
1542 1695 1559 1730 Ι
1588 1707 1623 1741 p.
1654 1698 1728 1738 117,
1753 1687 1803 1730 11'

1080 1765 1116 1798 p.
1143 1755 1198 1788 43.

294 1813 514 1859 opsignatus
526 1825 562 1858 p.
580 1816 662 1856 134,
678 1812 858 1858 opstetrix
871 1825 907 1858 p.
925 1815 1001 1855 124,
1037 1809 1079 1844 Ss
1094 1822 1161 1854 pro
1177 1820 1212 1853 z,
1237 1808 1454 1854 gargarisso
1470 1821 1510 1855 p,
1525 1812 1586 1853 69,
1603 1822 1650 1845 ea:
1667 1811 1786 1845 Novio.

237 1887 241 1891 ·
295 1869 554 1916 opstetricium
580 1881 617 1915 p.
646 1873 727 1913 148,
759 1869 930 1914 opterere
961 1881 996 1914 p.

296 1930 379 1970 166,
404 1925 574 1972 optinere
598 1938 634 1972 p.
663 1929 743 1969 136,
775 1925 939 1972 optingit
962 1938 998 1971 p.

294 1987 378 2027 230,
396 1982 622 2028 optrectatio
639 1995 675 2028 p.
695 1986 777 2025 21ος
802 1989 914 2018 tamen
938 1983 1001 2017 ob-

1082 1869 1217 1910 Beapse
1242 1869 1445 1902 vetustiores
1471 1879 1538 1911 pro
1559 1878 1578 1900 z
1607 1869 1789 1910 scripsisse

1082 1934 1117 1958 ss
1147 1925 1328 1959 observant
1361 1925 1497 1958 Curtius
1533 1926 1610 1958 Val.
1636 1926 1724 1958 2289
1755 1930 1789 1958 et

1084 1981 1252 2015 Cornutus
1272 1982 1372 2015 2286.
1405 1981 1545 2025 Longus
1571 1986 1682 2014 tamen
1698 1982 1788 2014 2216

295 2039 374 2075 stiti
397 2051 433 2086 p.
464 2042 542 2074 214.
578 2042 630 2083 Cf.
659 2041 818 2075 Corssen.
850 2042 998 2084 Ausspr.
1083 2043 1184 2081 neqat
1203 2048 1352 2081 prorsus
1368 2039 1530 2071 Latinam
1544 2049 1582 2071 se
1602 2048 1789 2081 aynoscere

295 2096 311 2132 I
336 2109 373 2143 p.
400 2099 456 2132 54.
915 2105 923 2109 ’
1081 2096 1228 2128 litteram
1256 2104 1287 2128 z.
1321 2094 1375 2136 Cf.
1405 2094 1564 2128 Corssen.
1598 2095 1747 2137 Ausspr.
1771 2092 1788 2127 Ι

251 2153 352 2189 Odos
367 2166 435 2199 pro
453 2151 547 2188 odor
563 2166 610 2188 ea>
627 2154 801 2188 Sallustio.
831 2155 1001 2199 Antiqua·
1081 2161 1118 2195 p.
1146 2152 1229 2193 123,
1253 2149 1287 2184 Π
1311 2161 1347 2195 p.
1374 2153 1452 2185 227.

296 2218 364 2245 tam
404 2213 496 2246 illam
527 2213 749 2245 desinentiam
785 2213 868 2245 dicit
899 2211 1000 2252 Quin·
1037 2204 1061 2240 S
1092 2208 1275 2241 redundat.
1307 2205 1431 2242 noxsit
1459 2218 1496 2252 p.
1516 2209 1577 2250 51,
1617 2205 1791 2241 tussicula

300 2269 349 2302 til.
376 2266 392 2300 I
417 2269 449 2301 4.
1082 2269 1116 2297 et
1136 2262 1296 2298 tusicula
1320 2268 1455 2298 variant
1479 2275 1516 2308 p.
1540 2266 1593 2298 72.
1613 2266 1668 2299 99.
1704 2265 1792 2297 Item

251 2323 280 2357 P
310 2325 466 2363 additur,
499 2322 684 2368 temptare
718 2335 754 2369 p.
793 2325 854 2367 62,
891 2323 1003 2369 pede·
1083 2319 1227 2356 exstitit
1256 2326 1290 2355 et
1320 2318 1454 2355 extitit.
1497 2322 1625 2355 Contra
1650 2318 1791 2353 diffisus

296 2377 470 2423 temptim
483 2390 519 2423 p.
533 2382 609 2414 133.
628 2379 837 2424 Iuppiteret
848 2379 1003 2425 Iupiter,
1082 2389 1119 2423 p.
1155 2380 1219 2412 137
1246 2389 1314 2421 pro
1339 2375 1509 2411 diffissus.
1546 2378 1595 2419 Cf.
1632 2378 1790 2411 Corssen.

298 2427 470 2480 repperio
481 2434 668 2480 etreperio
681 2439 827 2471 variant.
848 2435 1003 2481 Hiemps
1089 2435 1236 2478 Ausspr.
1262 2433 1278 2467 Ι
1303 2444 1338 2478 p.
1368 2436 1444 2468 116.
1473 2435 1548 2466 124.

296 2504 332 2537 p.
370 2495 428 2534 15,
459 2494 502 2526 de
534 2504 602 2536 qua
636 2494 813 2536 scriptura
850 2495 1005 2536 quaestio
1041 2489 1071 2524 T
1095 2502 1160 2533 pro
1186 2500 1222 2532 c,
1246 2488 1361 2525 setius
1387 2494 1480 2523 recte
1503 2501 1569 2532 pro
1602 2487 1721 2524 secius
1754 2500 1789 2534 p.

300 2555 351 2583 est
387 2550 483 2592 apud
518 2549 682 2583 Scaurum
712 2551 813 2583 2256.
845 2551 933 2583 2261
972 2555 1006 2583 et
1085 2548 1146 2588 96;
1178 2544 1301 2580 contio
1330 2558 1396 2590 per
1419 2545 1452 2586 t,
1479 2543 1647 2580 condicio
1670 2557 1737 2589 per
1761 2556 1791 2587 c,

289 2595 393 2649 ,apud
407 2607 632 2648 Papirianum
644 2607 744 2639 2292.
776 2606 831 2647 Cf.
847 2607 1004 2640 Corssen.

228 2650 238 2657 ”
301 2663 450 2705 Ausspr.
476 2660 492 2694 I
516 2671 552 2705 p.
580 2663 634 2695 51.
1086 2659 1135 2692 Et
1164 2657 1325 2693 nuntius.
1366 2660 1420 2701 Cf.
1453 2660 1612 2693 Corssen.
1643 2660 1793 2703 Ausspr.

254 2717 284 2752 P
308 2719 517 2757 detrahitur,
542 2715 761 2761 paralemsis
791 2729 827 2762 p.
854 2721 914 2760 98,
945 2720 1010 2752 sed
1087 2713 1103 2748 I
1133 2725 1169 2759 p.
1202 2717 1245 2748 22
1274 2726 1351 2760 sqq.
1379 2715 1558 2761 ‚Beitrd'ye
1587 2726 1623 2759 p.
1656 2717 1677 2749 5
1705 2726 1793 2760 sqq..

299 2771 545 2819 paralempsis
579 2784 614 2818 p.
653 2776 715 2816 99,
750 2772 933 2819 promtius
968 2785 1004 2819 p.
1089 2772 1286 2816 Nachtra'qe
1321 2782 1358 2816 p.
1384 2773 1427 2806 47
1452 2783 1527 2816 sqq.
1582 2773 1791 2806 fleckeisen.

302 2833 386 2873 235,
411 2827 594 2875 promtior
617 2841 654 2874 p.
683 2833 766 2872 109,
796 2832 860 2865 sed
885 2839 1008 2875 prom-
1089 2830 1235 2872 lv'itnsziy
1260 2828 1400 2862 Artikel
1420 2838 1457 2872 p.
1487 2829 1540 2862 14.
1567 2830 1622 2862 28.

275 2921 278 2923 ,
300 2885 489 2932 ptissimus
504 2897 541 2932 p.
570 2889 652 2929 114,
676 2885 850 2932 prompte
875 2897 911 2932 p.
933 2888 1008 2930 121,
1044 2882 1094 2919 Tt
1117 2896 1182 2929 pro
1206 2884 1240 2927 t,
1263 2881 1453 2930 friguttire
1474 2894 1510 2930 p.
1535 2886 1615 2926 146,
1640 2883 1793 2929 gluttirc

1087 2607 1245 2646 quantum
1273 2604 1417 2642 memini,
1450 2614 1590 2646 ‚semper
1617 2592 1791 2636 scribitur.
1859 2608 1866 2615 “
