<?xml version="1.0" encoding="UTF-8"?>
<!DOCTYPE html PUBLIC "-//W3C//DTD XHTML 1.0 Transitional//EN"
    "http://www.w3.org/TR/xhtml1/DTD/xhtml1-transitional.dtd">
<html xmlns="http://www.w3.org/1999/xhtml" xml:lang="en" lang="en">
 <head>
  <title>
</title>
<meta http-equiv="Content-Type" content="text/html;charset=utf-8" />
  <meta name='ocr-system' content='tesseract 3.04.00' />
  <meta name='ocr-capabilities' content='ocr_page ocr_carea ocr_par ocr_line ocrx_word'/>
</head>
<body>
  <div class='ocr_page' id='page_1' title='image "./mcorneliifronton00fronuoft_0284.png"; bbox 0 0 1968 3158; ppageno 0'>
   <div class='ocr_carea' id='block_1_1' title="bbox 236 132 1303 200">
    <p class='ocr_par' dir='ltr' id='par_1_1' title="bbox 236 132 1303 200">
     <span class='ocr_line' id='line_1_1' title="bbox 236 132 1303 200; baseline 0.002 -12"><span class='ocrx_word' id='word_1_1' title='bbox 236 158 322 200; x_wconf 77' lang='lat'>244</span> <span class='ocrx_word' id='word_1_2' title='bbox 700 155 748 189; x_wconf 87' lang='lat' dir='ltr'>M.</span> <span class='ocrx_word' id='word_1_3' title='bbox 778 132 1004 190; x_wconf 81' lang='lat' dir='ltr'>CORNELII</span> <span class='ocrx_word' id='word_1_4' title='bbox 1026 154 1303 191; x_wconf 79' lang='lat' dir='ltr'><strong>FRONTONIS</strong></span> 
     </span>
    </p>
   </div>
   <div class='ocr_carea' id='block_1_2' title="bbox 235 269 1775 1699">
    <p class='ocr_par' dir='ltr' id='par_1_2' title="bbox 235 269 1775 1699">
     <span class='ocr_line' id='line_1_2' title="bbox 238 269 1767 327; baseline -0.001 -14"><span class='ocrx_word' id='word_1_5' title='bbox 238 306 246 314; x_wconf 85' lang='lat'>.</span> <span class='ocrx_word' id='word_1_6' title='bbox 279 306 286 312; x_wconf 98' lang='lat'>.</span> <span class='ocrx_word' id='word_1_7' title='bbox 318 271 430 313; x_wconf 87' lang='grc' dir='ltr'>καπὸ</span> <span class='ocrx_word' id='word_1_8' title='bbox 462 303 469 311; x_wconf 93' lang='grc'><strong>.</strong></span> <span class='ocrx_word' id='word_1_9' title='bbox 503 302 511 310; x_wconf 93' lang='grc'><strong>.</strong></span> <span class='ocrx_word' id='word_1_10' title='bbox 544 270 842 321; x_wconf 87' lang='grc' dir='ltr'>προςέποντος</span> <span class='ocrx_word' id='word_1_11' title='bbox 873 269 1061 322; x_wconf 81' lang='grc' dir='ltr'>ἀπρεπὲς</span> <span class='ocrx_word' id='word_1_12' title='bbox 1093 270 1214 322; x_wconf 88' lang='grc' dir='ltr'>ἀνδρὶ</span> <span class='ocrx_word' id='word_1_13' title='bbox 1241 270 1434 312; x_wconf 87' lang='grc' dir='ltr'>παιδείας</span> <span class='ocrx_word' id='word_1_14' title='bbox 1455 271 1767 327; x_wconf 84' lang='grc' dir='ltr'>πεπειραμένῳ.</span> 
     </span>
     <span class='ocr_line' id='line_1_3' title="bbox 240 330 1768 394; baseline 0 -14"><span class='ocrx_word' id='word_1_15' title='bbox 240 339 408 390; x_wconf 87' lang='grc' dir='ltr'>Χαίρων</span> <span class='ocrx_word' id='word_1_16' title='bbox 440 338 487 379; x_wconf 81' lang='grc' dir='ltr'>δὲ</span> <span class='ocrx_word' id='word_1_17' title='bbox 517 337 655 387; x_wconf 77' lang='grc' dir='ltr'>ἔγωγε</span> <span class='ocrx_word' id='word_1_18' title='bbox 686 339 850 389; x_wconf 86' lang='grc' dir='ltr'>μᾶλλον</span> <span class='ocrx_word' id='word_1_19' title='bbox 882 371 892 379; x_wconf 92' lang='grc'>.</span> <span class='ocrx_word' id='word_1_20' title='bbox 923 370 932 379; x_wconf 95' lang='grc'><strong>.</strong></span> <span class='ocrx_word' id='word_1_21' title='bbox 966 330 1041 391; x_wconf 78' lang='grc' dir='ltr'>μὲν</span> <span class='ocrx_word' id='word_1_22' title='bbox 1073 335 1132 380; x_wconf 79' lang='grc' dir='ltr'>ὥς</span> <span class='ocrx_word' id='word_1_23' title='bbox 1163 338 1295 390; x_wconf 83' lang='grc' dir='ltr'>μέτρα</span> <span class='ocrx_word' id='word_1_24' title='bbox 1327 370 1336 379; x_wconf 87' lang='grc'><strong>.</strong></span> <span class='ocrx_word' id='word_1_25' title='bbox 1368 372 1377 380; x_wconf 89' lang='grc'><strong><em>.</em></strong></span> <span class='ocrx_word' id='word_1_26' title='bbox 1411 371 1419 379; x_wconf 91' lang='grc'><strong>.</strong></span> <span class='ocrx_word' id='word_1_27' title='bbox 1446 337 1477 394; x_wconf 49' lang='lat' dir='ltr'>W</span> <span class='ocrx_word' id='word_1_28' title='bbox 1503 353 1557 390; x_wconf 91' lang='grc' dir='ltr'>μι.</span> <span class='ocrx_word' id='word_1_29' title='bbox 1596 340 1656 381; x_wconf 89' lang='grc' dir='ltr'>Τὸ</span> <span class='ocrx_word' id='word_1_30' title='bbox 1685 339 1768 391; x_wconf 81' lang='grc' dir='ltr'>γὰρ</span> 
     </span>
     <span class='ocr_line' id='line_1_4' title="bbox 237 405 1769 459; baseline 0 -11"><span class='ocrx_word' id='word_1_31' title='bbox 237 407 347 459; x_wconf 87' lang='grc' dir='ltr'>πρὸς</span> <span class='ocrx_word' id='word_1_32' title='bbox 377 406 540 457; x_wconf 87' lang='grc' dir='ltr'>ἡδονὴν</span> <span class='ocrx_word' id='word_1_33' title='bbox 580 405 835 457; x_wconf 85' lang='grc' dir='ltr'>παράλογον</span> <span class='ocrx_word' id='word_1_34' title='bbox 875 409 953 448; x_wconf 84' lang='grc' dir='ltr'>τοῦ</span> <span class='ocrx_word' id='word_1_35' title='bbox 991 406 1102 458; x_wconf 88' lang='grc' dir='ltr'>πρὸς</span> <span class='ocrx_word' id='word_1_36' title='bbox 1140 406 1264 449; x_wconf 87' lang='grc' dir='ltr'>ἀνίαν</span> <span class='ocrx_word' id='word_1_37' title='bbox 1296 406 1591 459; x_wconf 81' lang='grc' dir='ltr'>αἱρετώτερον.</span> <span class='ocrx_word' id='word_1_38' title='bbox 1650 407 1769 448; x_wconf 75' lang='grc' dir='ltr'>Ἀλλ’</span> 
     </span>
     <span class='ocr_line' id='line_1_5' title="bbox 238 473 1769 530; baseline 0.001 -15"><span class='ocrx_word' id='word_1_39' title='bbox 238 474 341 516; x_wconf 82' lang='grc' dir='ltr'>οὐδὲ</span> <span class='ocrx_word' id='word_1_40' title='bbox 371 475 422 516; x_wconf 90' lang='grc' dir='ltr'>τὰ</span> <span class='ocrx_word' id='word_1_41' title='bbox 453 477 528 525; x_wconf 81' lang='grc' dir='ltr'>τῆς</span> <span class='ocrx_word' id='word_1_42' title='bbox 557 473 717 525; x_wconf 85' lang='grc' dir='ltr'>ἡλικίας</span> <span class='ocrx_word' id='word_1_43' title='bbox 749 487 825 516; x_wconf 93' lang='grc' dir='ltr'>ςου</span> <span class='ocrx_word' id='word_1_44' title='bbox 851 476 1107 530; x_wconf 85' lang='grc' dir='ltr'>παρῴχηκεν</span> <span class='ocrx_word' id='word_1_45' title='bbox 1129 475 1238 527; x_wconf 89' lang='grc' dir='ltr'>πρὸς</span> <span class='ocrx_word' id='word_1_46' title='bbox 1259 475 1427 518; x_wconf 81' lang='grc' dir='ltr'>παίδων</span> <span class='ocrx_word' id='word_1_47' title='bbox 1449 474 1637 526; x_wconf 75' lang='grc' dir='ltr'>ἑτέρων2</span> <span class='ocrx_word' id='word_1_48' title='bbox 1655 474 1769 518; x_wconf 84' lang='grc' dir='ltr'>’ἀνα-</span> 
     </span>
     <span class='ocr_line' id='line_1_6' title="bbox 236 541 1770 599; baseline -0.001 -14"><span class='ocrx_word' id='word_1_49' title='bbox 236 543 419 595; x_wconf 86' lang='grc' dir='ltr'>τροφήν.</span> <span class='ocrx_word' id='word_1_50' title='bbox 459 541 596 593; x_wconf 88' lang='grc' dir='ltr'>Ζημία</span> <span class='ocrx_word' id='word_1_51' title='bbox 627 543 674 584; x_wconf 81' lang='grc' dir='ltr'>δὲ</span> <span class='ocrx_word' id='word_1_52' title='bbox 704 544 818 584; x_wconf 87' lang='grc' dir='ltr'>πᾶςα</span> <span class='ocrx_word' id='word_1_53' title='bbox 848 543 922 586; x_wconf 87' lang='grc' dir='ltr'>ςὺν</span> <span class='ocrx_word' id='word_1_54' title='bbox 955 543 1093 585; x_wconf 86' lang='grc' dir='ltr'>ἐλπίδι</span> <span class='ocrx_word' id='word_1_55' title='bbox 1114 544 1189 595; x_wconf 81' lang='grc' dir='ltr'>μὲν</span> <span class='ocrx_word' id='word_1_56' title='bbox 1221 543 1555 599; x_wconf 84' lang='grc' dir='ltr'>ἀποκοπτομένῃ</span> <span class='ocrx_word' id='word_1_57' title='bbox 1586 542 1770 595; x_wconf 85' lang='grc' dir='ltr'>χαλεπή·</span> 
     </span>
     <span class='ocr_line' id='line_1_7' title="bbox 238 610 1769 666; baseline 0 -14"><span class='ocrx_word' id='word_1_58' title='bbox 238 612 357 666; x_wconf 81' lang='grc' dir='ltr'>ῥᾴων</span> <span class='ocrx_word' id='word_1_59' title='bbox 389 611 436 652; x_wconf 81' lang='grc' dir='ltr'>δὲ</span> <span class='ocrx_word' id='word_1_60' title='bbox 467 610 839 663; x_wconf 72' lang='grc' dir='ltr'>ὑπολειπομένης3</span> <span class='ocrx_word' id='word_1_61' title='bbox 878 611 935 653; x_wconf 90' lang='grc' dir='ltr'>εἰς</span> <span class='ocrx_word' id='word_1_62' title='bbox 966 612 1016 653; x_wconf 90' lang='grc' dir='ltr'>τὸ</span> <span class='ocrx_word' id='word_1_63' title='bbox 1047 610 1306 664; x_wconf 69' lang='grc' dir='ltr'>ἀναλαβεῑν4</span> <span class='ocrx_word' id='word_1_64' title='bbox 1339 611 1530 653; x_wconf 92' lang='grc' dir='ltr'>ἐλπίδος·</span> <span class='ocrx_word' id='word_1_65' title='bbox 1562 612 1628 653; x_wconf 87' lang='grc' dir='ltr'>καὶ</span> <span class='ocrx_word' id='word_1_66' title='bbox 1660 610 1684 652; x_wconf 91' lang='grc' dir='ltr'>ὁ</span> <span class='ocrx_word' id='word_1_67' title='bbox 1715 611 1769 662; x_wconf 91' lang='grc' dir='ltr'>μὴ</span> 
     </span>
     <span class='ocr_line' id='line_1_8' title="bbox 237 678 1771 735; baseline -0.001 -14"><span class='ocrx_word' id='word_1_68' title='bbox 237 679 479 731; x_wconf 72' lang='grc' dir='ltr'>περιμείνας</span> <span class='ocrx_word' id='word_1_69' title='bbox 510 678 667 730; x_wconf 86' lang='grc' dir='ltr'>ταύτην</span> <span class='ocrx_word' id='word_1_70' title='bbox 700 678 882 730; x_wconf 86' lang='grc' dir='ltr'>ἀγεννὴς</span> <span class='ocrx_word' id='word_1_71' title='bbox 912 680 979 721; x_wconf 92' lang='grc' dir='ltr'>καὶ</span> <span class='ocrx_word' id='word_1_72' title='bbox 1008 680 1121 721; x_wconf 88' lang='grc' dir='ltr'>πολὺ</span> <span class='ocrx_word' id='word_1_73' title='bbox 1158 683 1231 731; x_wconf 84' lang='grc' dir='ltr'>τῆς</span> <span class='ocrx_word' id='word_1_74' title='bbox 1261 679 1389 732; x_wconf 88' lang='grc' dir='ltr'>τύχης</span> <span class='ocrx_word' id='word_1_75' title='bbox 1421 679 1537 735; x_wconf 82' lang='grc' dir='ltr'>αὐτῷ</span> <span class='ocrx_word' id='word_1_76' title='bbox 1574 679 1771 731; x_wconf 87' lang='grc' dir='ltr'>χαλεπώ-</span> 
     </span>
     <span class='ocr_line' id='line_1_9' title="bbox 236 745 1771 801; baseline 0.001 -13"><span class='ocrx_word' id='word_1_77' title='bbox 236 747 396 799; x_wconf 62' lang='grc' dir='ltr'>τεροςῧ.</span> <span class='ocrx_word' id='word_1_78' title='bbox 442 747 488 788; x_wconf 92' lang='grc' dir='ltr'>Ἡ</span> <span class='ocrx_word' id='word_1_79' title='bbox 522 748 597 798; x_wconf 81' lang='grc' dir='ltr'>μὲν</span> <span class='ocrx_word' id='word_1_80' title='bbox 628 747 738 800; x_wconf 77' lang='grc' dir='ltr'>γὰρ6</span> <span class='ocrx_word' id='word_1_81' title='bbox 767 747 872 799; x_wconf 86' lang='grc' dir='ltr'>τύχη</span> <span class='ocrx_word' id='word_1_82' title='bbox 903 747 954 789; x_wconf 87' lang='grc' dir='ltr'>τὸ</span> <span class='ocrx_word' id='word_1_83' title='bbox 985 748 1127 799; x_wconf 90' lang='grc' dir='ltr'>παρὸν</span> <span class='ocrx_word' id='word_1_84' title='bbox 1159 747 1375 801; x_wconf 79' lang='grc' dir='ltr'>ἀφείλετο,</span> <span class='ocrx_word' id='word_1_85' title='bbox 1407 748 1430 790; x_wconf 89' lang='grc' dir='ltr'>ὁ</span> <span class='ocrx_word' id='word_1_86' title='bbox 1457 749 1504 790; x_wconf 82' lang='grc' dir='ltr'>δὲ</span> <span class='ocrx_word' id='word_1_87' title='bbox 1526 745 1771 800; x_wconf 79' lang='grc' dir='ltr'>ἐςτέρηςεν7</span> 
     </span>
     <span class='ocr_line' id='line_1_10' title="bbox 239 815 1770 871; baseline -0.001 -14"><span class='ocrx_word' id='word_1_88' title='bbox 239 815 372 858; x_wconf 86' lang='grc' dir='ltr'>αὑτὸν</span> <span class='ocrx_word' id='word_1_89' title='bbox 403 815 470 857; x_wconf 85' lang='grc' dir='ltr'>καὶ</span> <span class='ocrx_word' id='word_1_90' title='bbox 499 818 574 867; x_wconf 85' lang='grc' dir='ltr'>τῆς</span> <span class='ocrx_word' id='word_1_91' title='bbox 605 815 790 857; x_wconf 75' lang='grc' dir='ltr'>ἐλπίδος.</span> <span class='ocrx_word' id='word_1_92' title='bbox 851 815 983 858; x_wconf 86' lang='grc' dir='ltr'>Ὅθεν</span> <span class='ocrx_word' id='word_1_93' title='bbox 1014 817 1058 857; x_wconf 73' lang='grc' dir='ltr'>δ&gt;</span> <span class='ocrx_word' id='word_1_94' title='bbox 1089 815 1141 859; x_wconf 80' lang='grc' dir='ltr'>ἂν</span> <span class='ocrx_word' id='word_1_95' title='bbox 1164 815 1293 871; x_wconf 83' lang='grc' dir='ltr'>ρᾷςτα</span> <span class='ocrx_word' id='word_1_96' title='bbox 1323 819 1584 868; x_wconf 87' lang='grc' dir='ltr'>παραψυχῆς</span> <span class='ocrx_word' id='word_1_97' title='bbox 1613 815 1770 868; x_wconf 73' lang='grc' dir='ltr'>τύχοις,</span> 
     </span>
     <span class='ocr_line' id='line_1_11' title="bbox 238 883 1772 942; baseline 0 -17"><span class='ocrx_word' id='word_1_98' title='bbox 238 883 389 938; x_wconf 68' lang='grc' dir='ltr'>πείρᾳὸ</span> <span class='ocrx_word' id='word_1_99' title='bbox 418 885 566 936; x_wconf 85' lang='grc' dir='ltr'>μαθὼν</span> <span class='ocrx_word' id='word_1_100' title='bbox 600 884 737 934; x_wconf 75' lang='grc' dir='ltr'>ἔγωγε</span> <span class='ocrx_word' id='word_1_101' title='bbox 768 883 868 925; x_wconf 78' lang='grc' dir='ltr'>ἀλλ’</span> <span class='ocrx_word' id='word_1_102' title='bbox 891 884 943 925; x_wconf 87' lang='grc' dir='ltr'>οὐ</span> <span class='ocrx_word' id='word_1_103' title='bbox 974 883 1104 939; x_wconf 87' lang='grc' dir='ltr'>ςοφίᾳ</span> <span class='ocrx_word' id='word_1_104' title='bbox 1134 884 1303 928; x_wconf 76' lang='grc' dir='ltr'>διδάξω.</span> <span class='ocrx_word' id='word_1_105' title='bbox 1345 885 1427 926; x_wconf 89' lang='grc' dir='ltr'>Ἀεί</span> <span class='ocrx_word' id='word_1_106' title='bbox 1455 898 1525 942; x_wconf 87' lang='grc' dir='ltr'>μοι</span> <span class='ocrx_word' id='word_1_107' title='bbox 1553 884 1705 936; x_wconf 88' lang='grc' dir='ltr'>ςυνέβη</span> <span class='ocrx_word' id='word_1_108' title='bbox 1735 896 1772 924; x_wconf 87' lang='grc' dir='ltr'>τι</span> 
     </span>
     <span class='ocr_line' id='line_1_12' title="bbox 238 951 1771 1005; baseline -0.001 -11"><span class='ocrx_word' id='word_1_109' title='bbox 238 955 326 995; x_wconf 84' lang='grc' dir='ltr'>τῶν</span> <span class='ocrx_word' id='word_1_110' title='bbox 348 955 503 995; x_wconf 85' lang='grc' dir='ltr'>δεινῶν</span> <span class='ocrx_word' id='word_1_111' title='bbox 527 955 677 995; x_wconf 87' lang='grc' dir='ltr'>παθεῖν</span> <span class='ocrx_word' id='word_1_112' title='bbox 699 953 864 1004; x_wconf 86' lang='grc' dir='ltr'>ἐρῶντι.</span> <span class='ocrx_word' id='word_1_113' title='bbox 879 970 889 986; x_wconf 70' lang='lat'><em>1</em></span> <span class='ocrx_word' id='word_1_114' title='bbox 904 951 1077 1004; x_wconf 84' lang='grc' dir='ltr'>Ἥρων9</span> <span class='ocrx_word' id='word_1_115' title='bbox 1100 953 1148 994; x_wconf 82' lang='grc' dir='ltr'>δὲ</span> <span class='ocrx_word' id='word_1_116' title='bbox 1168 952 1264 995; x_wconf 86' lang='grc' dir='ltr'>τότε</span> <span class='ocrx_word' id='word_1_117' title='bbox 1286 954 1362 1005; x_wconf 78' lang='grc' dir='ltr'>μὲν</span> <span class='ocrx_word' id='word_1_118' title='bbox 1384 953 1670 1004; x_wconf 83' lang='grc' dir='ltr'>Ἀθηνοδότου</span> <span class='ocrx_word' id='word_1_119' title='bbox 1693 954 1771 994; x_wconf 83' lang='grc' dir='ltr'>τοῦ</span> 
     </span>
     <span class='ocr_line' id='line_1_13' title="bbox 240 1020 1771 1074; baseline 0 -12"><span class='ocrx_word' id='word_1_120' title='bbox 240 1023 402 1074; x_wconf 79' lang='grc' dir='ltr'>ςοφοῦ,</span> <span class='ocrx_word' id='word_1_121' title='bbox 433 1021 529 1063; x_wconf 87' lang='grc' dir='ltr'>τότε</span> <span class='ocrx_word' id='word_1_122' title='bbox 560 1022 606 1064; x_wconf 81' lang='grc' dir='ltr'>δὲ</span> <span class='ocrx_word' id='word_1_123' title='bbox 628 1020 863 1063; x_wconf 89' lang='grc' dir='ltr'>Διονυςίου</span> <span class='ocrx_word' id='word_1_124' title='bbox 894 1023 972 1062; x_wconf 84' lang='grc' dir='ltr'>τοῦ</span> <span class='ocrx_word' id='word_1_125' title='bbox 1005 1020 1198 1072; x_wconf 82' lang='grc' dir='ltr'>ῥήτορος.</span> <span class='ocrx_word' id='word_1_126' title='bbox 1262 1021 1334 1063; x_wconf 88' lang='grc' dir='ltr'>Καὶ</span> <span class='ocrx_word' id='word_1_127' title='bbox 1365 1022 1416 1073; x_wconf 88' lang='grc' dir='ltr'>δὴ</span> <span class='ocrx_word' id='word_1_128' title='bbox 1439 1023 1569 1063; x_wconf 83' lang='grc' dir='ltr'>τοῦτο</span> <span class='ocrx_word' id='word_1_129' title='bbox 1600 1020 1771 1063; x_wconf 81' lang='grc' dir='ltr'>ἐννοῶν</span> 
     </span>
     <span class='ocr_line' id='line_1_14' title="bbox 239 1084 1772 1144; baseline 0 -14"><span class='ocrx_word' id='word_1_130' title='bbox 239 1089 304 1131; x_wconf 88' lang='grc' dir='ltr'>ὅτι</span> <span class='ocrx_word' id='word_1_131' title='bbox 333 1102 402 1140; x_wconf 94' lang='grc' dir='ltr'>μοι</span> <span class='ocrx_word' id='word_1_132' title='bbox 433 1084 611 1132; x_wconf 80' lang='grc' dir='ltr'>ςυίιζοιτο</span> <span class='ocrx_word' id='word_1_133' title='bbox 651 1091 794 1132; x_wconf 87' lang='grc' dir='ltr'>κεῖνος</span> <span class='ocrx_word' id='word_1_134' title='bbox 825 1088 878 1131; x_wconf 84' lang='grc' dir='ltr'>οὗ</span> <span class='ocrx_word' id='word_1_135' title='bbox 909 1089 955 1139; x_wconf 78' lang='grc' dir='ltr'>γ’</span> <span class='ocrx_word' id='word_1_136' title='bbox 988 1089 1100 1140; x_wconf 83' lang='grc' dir='ltr'>ἐρῶν</span> <span class='ocrx_word' id='word_1_137' title='bbox 1115 1089 1147 1114; x_wconf 82' lang='lat'>¹⁰</span> <span class='ocrx_word' id='word_1_138' title='bbox 1177 1089 1364 1141; x_wconf 77' lang='grc' dir='ltr'>τύχοιμι,</span> <span class='ocrx_word' id='word_1_139' title='bbox 1402 1088 1533 1140; x_wconf 86' lang='grc' dir='ltr'>ἦττον</span> <span class='ocrx_word' id='word_1_140' title='bbox 1563 1084 1616 1140; x_wconf 77' lang='grc' dir='ltr'>ἦν</span> <span class='ocrx_word' id='word_1_141' title='bbox 1645 1092 1695 1144; x_wconf 85' lang='grc' dir='ltr'>τῇ</span> <span class='ocrx_word' id='word_1_142' title='bbox 1726 1102 1772 1130; x_wconf 84' lang='grc' dir='ltr'>τε</span> 
     </span>
     <span class='ocr_line' id='line_1_15' title="bbox 235 1157 1772 1213; baseline -0.001 -14"><span class='ocrx_word' id='word_1_143' title='bbox 235 1158 351 1213; x_wconf 81' lang='grc' dir='ltr'>’λύπῃ</span> <span class='ocrx_word' id='word_1_144' title='bbox 383 1158 450 1199; x_wconf 88' lang='grc' dir='ltr'>καὶ</span> <span class='ocrx_word' id='word_1_145' title='bbox 480 1160 568 1199; x_wconf 85' lang='grc' dir='ltr'>τοῖς</span> <span class='ocrx_word' id='word_1_146' title='bbox 599 1157 938 1209; x_wconf 86' lang='grc' dir='ltr'>προςπίπτουςιν</span> <span class='ocrx_word' id='word_1_147' title='bbox 970 1157 1191 1209; x_wconf 85' lang='grc' dir='ltr'>ἁλώςιμος.</span> <span class='ocrx_word' id='word_1_148' title='bbox 1239 1157 1280 1198; x_wconf 89' lang='grc' dir='ltr'>Εἰ</span> <span class='ocrx_word' id='word_1_149' title='bbox 1309 1158 1356 1199; x_wconf 88' lang='grc' dir='ltr'>δέ</span> <span class='ocrx_word' id='word_1_150' title='bbox 1377 1170 1494 1200; x_wconf 83' lang='grc' dir='ltr'>τινος</span> <span class='ocrx_word' id='word_1_151' title='bbox 1514 1157 1614 1212; x_wconf 84' lang='grc' dir='ltr'>ἐρᾷς</span> <span class='ocrx_word' id='word_1_152' title='bbox 1634 1157 1701 1199; x_wconf 87' lang='grc' dir='ltr'>καὶ</span> <span class='ocrx_word' id='word_1_153' title='bbox 1723 1157 1772 1199; x_wconf 86' lang='grc' dir='ltr'>ςὺ</span> 
     </span>
     <span class='ocr_line' id='line_1_16' title="bbox 239 1225 1773 1282; baseline 0 -14"><span class='ocrx_word' id='word_1_154' title='bbox 239 1226 343 1268; x_wconf 85' lang='grc' dir='ltr'>νέου</span> <span class='ocrx_word' id='word_1_155' title='bbox 364 1225 568 1276; x_wconf 84' lang='grc' dir='ltr'>γενναίου</span> <span class='ocrx_word' id='word_1_156' title='bbox 606 1225 733 1281; x_wconf 81' lang='grc' dir='ltr'>ἀρετῇ</span> <span class='ocrx_word' id='word_1_157' title='bbox 756 1226 823 1267; x_wconf 82' lang='grc' dir='ltr'>καὶ</span> <span class='ocrx_word' id='word_1_158' title='bbox 844 1225 1012 1279; x_wconf 87' lang='grc' dir='ltr'>παιδείᾳ</span> <span class='ocrx_word' id='word_1_159' title='bbox 1033 1226 1100 1268; x_wconf 88' lang='grc' dir='ltr'>καὶ</span> <span class='ocrx_word' id='word_1_160' title='bbox 1128 1226 1232 1281; x_wconf 86' lang='grc' dir='ltr'>τύχῃ</span> <span class='ocrx_word' id='word_1_161' title='bbox 1255 1226 1321 1267; x_wconf 85' lang='grc' dir='ltr'>καὶ</span> <span class='ocrx_word' id='word_1_162' title='bbox 1343 1226 1602 1282; x_wconf 87' lang='grc' dir='ltr'>ςωφροςύνῃ</span> <span class='ocrx_word' id='word_1_163' title='bbox 1624 1226 1773 1278; x_wconf 85' lang='grc' dir='ltr'>διαφέ-</span> 
     </span>
     <span class='ocr_line' id='line_1_17' title="bbox 241 1293 1772 1349; baseline 0 -13"><span class='ocrx_word' id='word_1_164' title='bbox 241 1307 418 1346; x_wconf 75' lang='grc' dir='ltr'>ροντος,</span> <span class='ocrx_word' id='word_1_165' title='bbox 451 1293 529 1335; x_wconf 86' lang='grc' dir='ltr'>οὐκ</span> <span class='ocrx_word' id='word_1_166' title='bbox 550 1294 603 1337; x_wconf 85' lang='grc' dir='ltr'>ἂν</span> <span class='ocrx_word' id='word_1_167' title='bbox 627 1293 886 1347; x_wconf 87' lang='grc' dir='ltr'>ἁμαρτάνοις</span> <span class='ocrx_word' id='word_1_168' title='bbox 910 1294 1056 1346; x_wconf 86' lang='grc' dir='ltr'>ὁρμῶν</span> <span class='ocrx_word' id='word_1_169' title='bbox 1079 1294 1153 1335; x_wconf 80' lang='grc' dir='ltr'>ἐπ’</span> <span class='ocrx_word' id='word_1_170' title='bbox 1176 1293 1325 1349; x_wconf 83' lang='grc' dir='ltr'>ἐκείνῳ</span> <span class='ocrx_word' id='word_1_171' title='bbox 1347 1295 1414 1336; x_wconf 89' lang='grc' dir='ltr'>καὶ</span> <span class='ocrx_word' id='word_1_172' title='bbox 1435 1296 1574 1337; x_wconf 83' lang='grc' dir='ltr'>πᾶςαν</span> <span class='ocrx_word' id='word_1_173' title='bbox 1596 1295 1772 1344; x_wconf 85' lang='grc' dir='ltr'>ἀγαθῶν</span> 
     </span>
     <span class='ocr_line' id='line_1_18' title="bbox 240 1361 1772 1418; baseline 0 -15"><span class='ocrx_word' id='word_1_174' title='bbox 240 1363 477 1414; x_wconf 87' lang='grc' dir='ltr'>ἀςφάλειαν</span> <span class='ocrx_word' id='word_1_175' title='bbox 516 1362 590 1403; x_wconf 77' lang='grc' dir='ltr'>ἐπ’</span> <span class='ocrx_word' id='word_1_176' title='bbox 621 1362 738 1418; x_wconf 79' lang='grc' dir='ltr'>αὐτῷ</span> <span class='ocrx_word' id='word_1_177' title='bbox 769 1362 1010 1414; x_wconf 73' lang='grc' dir='ltr'>τιθέμενος,</span> <span class='ocrx_word' id='word_1_178' title='bbox 1051 1361 1150 1403; x_wconf 75' lang='grc' dir='ltr'>ὡς11</span> <span class='ocrx_word' id='word_1_179' title='bbox 1191 1362 1269 1415; x_wconf 79' lang='grc' dir='ltr'>ἐφ’</span> <span class='ocrx_word' id='word_1_180' title='bbox 1301 1362 1404 1405; x_wconf 90' lang='grc' dir='ltr'>ὅςον</span> <span class='ocrx_word' id='word_1_181' title='bbox 1434 1377 1482 1413; x_wconf 85' lang='grc' dir='ltr'>γε</span> <span class='ocrx_word' id='word_1_182' title='bbox 1513 1363 1610 1415; x_wconf 84' lang='grc' dir='ltr'>ἡμῖν</span> <span class='ocrx_word' id='word_1_183' title='bbox 1643 1361 1772 1404; x_wconf 84' lang='grc' dir='ltr'>οὗτος</span> 
     </span>
     <span class='ocr_line' id='line_1_19' title="bbox 240 1429 1771 1483; baseline 0.001 -12"><span class='ocrx_word' id='word_1_184' title='bbox 240 1430 463 1481; x_wconf 73' lang='grc' dir='ltr'>περίεςτιν,</span> <span class='ocrx_word' id='word_1_185' title='bbox 495 1430 795 1482; x_wconf 75' lang='grc' dir='ltr'>ἀντεραςτὴς12</span> <span class='ocrx_word' id='word_1_186' title='bbox 815 1430 898 1482; x_wconf 79' lang='grc' dir='ltr'>γὰρ</span> <span class='ocrx_word' id='word_1_187' title='bbox 931 1430 1040 1472; x_wconf 78' lang='grc' dir='ltr'>εἶναί</span> <span class='ocrx_word' id='word_1_188' title='bbox 1072 1429 1139 1471; x_wconf 88' lang='grc' dir='ltr'>ςοί</span> <span class='ocrx_word' id='word_1_189' title='bbox 1158 1444 1263 1482; x_wconf 89' lang='grc' dir='ltr'>φημι</span> <span class='ocrx_word' id='word_1_190' title='bbox 1294 1431 1359 1472; x_wconf 89' lang='grc' dir='ltr'>καὶ</span> <span class='ocrx_word' id='word_1_191' title='bbox 1390 1430 1469 1472; x_wconf 86' lang='grc' dir='ltr'>οὐκ</span> <span class='ocrx_word' id='word_1_192' title='bbox 1499 1431 1771 1483; x_wconf 89' lang='grc' dir='ltr'>ἀποκρύπτο-</span> 
     </span>
     <span class='ocr_line' id='line_1_20' title="bbox 241 1498 1714 1554; baseline 0 -15"><span class='ocrx_word' id='word_1_193' title='bbox 241 1512 330 1549; x_wconf 71' lang='grc' dir='ltr'>μαι,</span> <span class='ocrx_word' id='word_1_194' title='bbox 362 1498 496 1540; x_wconf 86' lang='grc' dir='ltr'>τᾶλλα</span> <span class='ocrx_word' id='word_1_195' title='bbox 525 1511 574 1548; x_wconf 83' lang='grc' dir='ltr'>γε</span> <span class='ocrx_word' id='word_1_196' title='bbox 604 1498 745 1541; x_wconf 85' lang='grc' dir='ltr'>πάντα</span> <span class='ocrx_word' id='word_1_197' title='bbox 765 1498 863 1550; x_wconf 84' lang='grc' dir='ltr'>ἡμῖν</span> <span class='ocrx_word' id='word_1_198' title='bbox 887 1498 1034 1540; x_wconf 78' lang='grc' dir='ltr'>εύΐατα</span> <span class='ocrx_word' id='word_1_199' title='bbox 1064 1498 1130 1539; x_wconf 85' lang='grc' dir='ltr'>καὶ</span> <span class='ocrx_word' id='word_1_200' title='bbox 1159 1498 1316 1540; x_wconf 87' lang='grc' dir='ltr'>τούτου</span> <span class='ocrx_word' id='word_1_201' title='bbox 1347 1501 1493 1554; x_wconf 85' lang='grc' dir='ltr'>μακρῷ</span> <span class='ocrx_word' id='word_1_202' title='bbox 1525 1499 1714 1551; x_wconf 90' lang='grc' dir='ltr'>δεύτερα.</span> 
     </span>
     <span class='ocr_line' id='line_1_21' title="bbox 543 1576 1487 1630; baseline 0.001 -12"><span class='ocrx_word' id='word_1_203' title='bbox 543 1576 620 1619; x_wconf 88' lang='lat' dir='ltr'>IV.</span> <span class='ocrx_word' id='word_1_204' title='bbox 666 1577 799 1629; x_wconf 81' lang='grc' dir='ltr'>Παρ’</span> <span class='ocrx_word' id='word_1_205' title='bbox 813 1577 846 1603; x_wconf 79' lang='lat'>¹3</span> <span class='ocrx_word' id='word_1_206' title='bbox 877 1578 1165 1620; x_wconf 83' lang='grc' dir='ltr'>Ἀππιανοῦ</span> <span class='ocrx_word' id='word_1_207' title='bbox 1198 1577 1487 1630; x_wconf 86' lang='grc' dir='ltr'>Φρόντωνι.</span> 
     </span>
     <span class='ocr_line' id='line_1_22' title="bbox 356 1645 1775 1699; baseline 0.001 -12"><span class='ocrx_word' id='word_1_208' title='bbox 356 1645 469 1688; x_wconf 80' lang='grc' dir='ltr'>Οὐδὲ</span> <span class='ocrx_word' id='word_1_209' title='bbox 501 1645 683 1698; x_wconf 89' lang='grc' dir='ltr'>ςήμερον</span> <span class='ocrx_word' id='word_1_210' title='bbox 715 1646 924 1698; x_wconf 86' lang='grc' dir='ltr'>ἐδυνήθην</span> <span class='ocrx_word' id='word_1_211' title='bbox 964 1660 1006 1688; x_wconf 92' lang='grc' dir='ltr'>ςε</span> <span class='ocrx_word' id='word_1_212' title='bbox 1047 1646 1149 1689; x_wconf 81' lang='grc' dir='ltr'>ἰδεῖν</span> <span class='ocrx_word' id='word_1_213' title='bbox 1188 1647 1257 1688; x_wconf 90' lang='grc' dir='ltr'>διὰ</span> <span class='ocrx_word' id='word_1_214' title='bbox 1287 1647 1364 1698; x_wconf 86' lang='grc' dir='ltr'>τὴν</span> <span class='ocrx_word' id='word_1_215' title='bbox 1401 1647 1584 1699; x_wconf 81' lang='grc' dir='ltr'>γαςτέρα</span> <span class='ocrx_word' id='word_1_216' title='bbox 1621 1647 1775 1689; x_wconf 87' lang='grc' dir='ltr'>νυκτὸς</span> 
     </span>
    </p>
   </div>
   <div class='ocr_carea' id='block_1_3' title="bbox 240 1723 1775 1882">
    <p class='ocr_par' dir='ltr' id='par_1_3' title="bbox 240 1723 1775 1882">
     <span class='ocr_line' id='line_1_23' title="bbox 244 1723 1775 1770; baseline 0.001 -12"><span class='ocrx_word' id='word_1_217' title='bbox 244 1724 331 1759; x_wconf 88' lang='lat' dir='ltr'>Cod.</span> <span class='ocrx_word' id='word_1_218' title='bbox 356 1737 392 1769; x_wconf 88' lang='lat' dir='ltr'>p</span> <span class='ocrx_word' id='word_1_219' title='bbox 421 1729 482 1766; x_wconf 74' lang='lat'>593</span> <span class='ocrx_word' id='word_1_220' title='bbox 507 1723 643 1759; x_wconf 85' lang='lat' dir='ltr'>iterum</span> <span class='ocrx_word' id='word_1_221' title='bbox 666 1724 726 1759; x_wconf 84' lang='lat' dir='ltr'>hie</span> <span class='ocrx_word' id='word_1_222' title='bbox 753 1724 840 1759; x_wconf 81' lang='lat' dir='ltr'>Cod.</span> <span class='ocrx_word' id='word_1_223' title='bbox 855 1737 892 1769; x_wconf 93' lang='lat' dir='ltr'>p</span> <span class='ocrx_word' id='word_1_224' title='bbox 909 1729 983 1759; x_wconf 75' lang='lat'>146.</span> <span class='ocrx_word' id='word_1_225' title='bbox 1014 1725 1132 1760; x_wconf 77' lang='lat' dir='ltr'>Maius</span> <span class='ocrx_word' id='word_1_226' title='bbox 1157 1724 1394 1770; x_wconf 83' lang='lat' dir='ltr'>amplectitur</span> <span class='ocrx_word' id='word_1_227' title='bbox 1420 1725 1671 1760; x_wconf 75' lang='lat' dir='ltr'>coniecturam</span> <span class='ocrx_word' id='word_1_228' title='bbox 1690 1724 1775 1760; x_wconf 89' lang='lat' dir='ltr'>Nie-</span> 
     </span>
     <span class='ocr_line' id='line_1_24' title="bbox 240 1780 1774 1826; baseline 0.001 -12"><span class='ocrx_word' id='word_1_229' title='bbox 240 1780 375 1824; x_wconf 87' lang='lat' dir='ltr'>buhrii</span> <span class='ocrx_word' id='word_1_230' title='bbox 402 1780 459 1815; x_wconf 87' lang='lat' dir='ltr'>eui</span> <span class='ocrx_word' id='word_1_231' title='bbox 484 1781 736 1826; x_wconf 78' lang='lat' dir='ltr'>fragmentum</span> <span class='ocrx_word' id='word_1_232' title='bbox 760 1781 908 1816; x_wconf 87' lang='lat' dir='ltr'>videtur</span> <span class='ocrx_word' id='word_1_233' title='bbox 934 1781 1194 1816; x_wconf 74' lang='lat' dir='ltr'>consolationis</span> <span class='ocrx_word' id='word_1_234' title='bbox 1220 1781 1268 1816; x_wconf 81' lang='lat' dir='ltr'>ad</span> <span class='ocrx_word' id='word_1_235' title='bbox 1286 1781 1484 1826; x_wconf 83' lang='lat' dir='ltr'>Herodem,</span> <span class='ocrx_word' id='word_1_236' title='bbox 1512 1781 1575 1826; x_wconf 89' lang='lat' dir='ltr'>qui</span> <span class='ocrx_word' id='word_1_237' title='bbox 1600 1793 1714 1826; x_wconf 87' lang='lat' dir='ltr'>quum</span> <span class='ocrx_word' id='word_1_238' title='bbox 1735 1781 1774 1816; x_wconf 89' lang='lat' dir='ltr'>in</span> 
     </span>
     <span class='ocr_line' id='line_1_25' title="bbox 241 1837 1775 1882; baseline 0.001 -11"><span class='ocrx_word' id='word_1_239' title='bbox 241 1837 410 1882; x_wconf 81' lang='lat' dir='ltr'>Regillae</span> <span class='ocrx_word' id='word_1_240' title='bbox 435 1837 558 1872; x_wconf 79' lang='lat' dir='ltr'>uxoris</span> <span class='ocrx_word' id='word_1_241' title='bbox 583 1849 626 1873; x_wconf 85' lang='lat' dir='ltr'>ao</span> <span class='ocrx_word' id='word_1_242' title='bbox 650 1837 819 1882; x_wconf 80' lang='lat' dir='ltr'>filiarum,</span> <span class='ocrx_word' id='word_1_243' title='bbox 847 1838 959 1873; x_wconf 79' lang='lat' dir='ltr'>etiam</span> <span class='ocrx_word' id='word_1_244' title='bbox 985 1839 1218 1873; x_wconf 84' lang='lat' dir='ltr'>alumnorum</span> <span class='ocrx_word' id='word_1_245' title='bbox 1244 1849 1308 1873; x_wconf 82' lang='lat' dir='ltr'>seu</span> <span class='ocrx_word' id='word_1_246' title='bbox 1324 1838 1545 1874; x_wconf 88' lang='lat' dir='ltr'>libertorum</span> <span class='ocrx_word' id='word_1_247' title='bbox 1563 1839 1668 1874; x_wconf 89' lang='lat' dir='ltr'>obitu</span> <span class='ocrx_word' id='word_1_248' title='bbox 1684 1838 1775 1873; x_wconf 88' lang='lat' dir='ltr'>mul-</span> 
     </span>
    </p>
   </div>
   <div class='ocr_carea' id='block_1_4' title="bbox 334 1705 513 1708">
    <p class='ocr_par' dir='ltr' id='par_1_4' title="bbox 334 1705 513 1708">
     <span class='ocr_line' id='line_1_26' title="bbox 334 1705 513 1708; baseline 0 0"><span class='ocrx_word' id='word_1_249' title='bbox 334 1705 513 1708; x_wconf 95' lang='lat' dir='ltr'> </span> 
     </span>
    </p>
   </div>
   <div class='ocr_carea' id='block_1_5' title="bbox 241 1894 1844 1940">
    <p class='ocr_par' dir='ltr' id='par_1_5' title="bbox 241 1894 1844 1940">
     <span class='ocr_line' id='line_1_27' title="bbox 241 1894 1844 1940; baseline 0.001 -13"><span class='ocrx_word' id='word_1_250' title='bbox 241 1896 320 1928; x_wconf 87' lang='lat' dir='ltr'>tum</span> <span class='ocrx_word' id='word_1_251' title='bbox 345 1905 436 1939; x_wconf 81' lang='lat' dir='ltr'>prae</span> <span class='ocrx_word' id='word_1_252' title='bbox 462 1905 500 1929; x_wconf 83' lang='lat' dir='ltr'>se</span> <span class='ocrx_word' id='word_1_253' title='bbox 524 1894 670 1929; x_wconf 80' lang='lat' dir='ltr'>tulisset</span> <span class='ocrx_word' id='word_1_254' title='bbox 693 1905 913 1938; x_wconf 81' lang='lat' dir='ltr'>maerorem,</span> <span class='ocrx_word' id='word_1_255' title='bbox 945 1895 1188 1939; x_wconf 80' lang='lat' dir='ltr'>complurium</span> <span class='ocrx_word' id='word_1_256' title='bbox 1218 1895 1525 1940; x_wconf 80' lang='lat' dir='ltr'>philosophorum</span> <span class='ocrx_word' id='word_1_257' title='bbox 1550 1896 1662 1939; x_wconf 78' lang='lat' dir='ltr'>atque</span> <span class='ocrx_word' id='word_1_258' title='bbox 1687 1895 1774 1931; x_wconf 82' lang='lat' dir='ltr'>ami·</span> <span class='ocrx_word' id='word_1_259' title='bbox 1837 1908 1844 1912; x_wconf 96' lang='lat'>·</span> 
     </span>
    </p>
   </div>
   <div class='ocr_carea' id='block_1_6' title="bbox 241 1951 1774 2109">
    <p class='ocr_par' dir='ltr' id='par_1_6' title="bbox 241 1951 1774 2109">
     <span class='ocr_line' id='line_1_28' title="bbox 242 1951 1774 1987; baseline 0.002 -3"><span class='ocrx_word' id='word_1_260' title='bbox 242 1961 369 1985; x_wconf 80' lang='lat' dir='ltr'>corum</span> <span class='ocrx_word' id='word_1_261' title='bbox 393 1951 638 1986; x_wconf 72' lang='lat' dir='ltr'>hortamentis</span> <span class='ocrx_word' id='word_1_262' title='bbox 664 1951 712 1986; x_wconf 81' lang='lat' dir='ltr'>ad</span> <span class='ocrx_word' id='word_1_263' title='bbox 737 1954 943 1987; x_wconf 84' lang='lat' dir='ltr'>extremum</span> <span class='ocrx_word' id='word_1_264' title='bbox 968 1952 1162 1986; x_wconf 76' lang='lat' dir='ltr'>revocatus</span> <span class='ocrx_word' id='word_1_265' title='bbox 1188 1953 1251 1987; x_wconf 80' lang='lat' dir='ltr'>est.</span> <span class='ocrx_word' id='word_1_266' title='bbox 1295 1951 1333 1986; x_wconf 93' lang='lat' dir='ltr'>P.</span> <span class='ocrx_word' id='word_1_267' title='bbox 1361 1955 1405 1987; x_wconf 85' lang='lat'>59</span> <span class='ocrx_word' id='word_1_268' title='bbox 1431 1952 1569 1987; x_wconf 81' lang='lat' dir='ltr'>amicus</span> <span class='ocrx_word' id='word_1_269' title='bbox 1592 1963 1667 1987; x_wconf 90' lang='lat' dir='ltr'>non</span> <span class='ocrx_word' id='word_1_270' title='bbox 1692 1963 1774 1987; x_wconf 86' lang='lat' dir='ltr'>oon-</span> 
     </span>
     <span class='ocr_line' id='line_1_29' title="bbox 241 2007 1772 2054; baseline 0.002 -14"><span class='ocrx_word' id='word_1_271' title='bbox 241 2007 336 2041; x_wconf 81' lang='lat' dir='ltr'>tulit.</span> <span class='ocrx_word' id='word_1_272' title='bbox 363 2007 534 2042; x_wconf 80' lang='lat' dir='ltr'>Laeunae</span> <span class='ocrx_word' id='word_1_273' title='bbox 559 2007 748 2052; x_wconf 83' lang='lat' dir='ltr'>pertinent</span> <span class='ocrx_word' id='word_1_274' title='bbox 765 2008 813 2042; x_wconf 80' lang='lat' dir='ltr'>ad</span> <span class='ocrx_word' id='word_1_275' title='bbox 830 2019 958 2043; x_wconf 75' lang='lat' dir='ltr'>versus</span> <span class='ocrx_word' id='word_1_276' title='bbox 977 2009 1053 2043; x_wconf 90' lang='lat' dir='ltr'>fere</span> <span class='ocrx_word' id='word_1_277' title='bbox 1072 2008 1210 2052; x_wconf 85' lang='lat' dir='ltr'>decem,</span> <span class='ocrx_word' id='word_1_278' title='bbox 1237 2010 1274 2043; x_wconf 92' lang='lat' dir='ltr'>et</span> <span class='ocrx_word' id='word_1_279' title='bbox 1297 2008 1408 2044; x_wconf 88' lang='lat' dir='ltr'>hodie</span> <span class='ocrx_word' id='word_1_280' title='bbox 1430 2009 1555 2044; x_wconf 84' lang='lat' dir='ltr'>omnia</span> <span class='ocrx_word' id='word_1_281' title='bbox 1570 2009 1772 2054; x_wconf 90' lang='lat' dir='ltr'>perierunt.</span> 
     </span>
     <span class='ocr_line' id='line_1_30' title="bbox 359 2063 998 2109; baseline 0.002 -12"><span class='ocrx_word' id='word_1_282' title='bbox 359 2068 374 2097; x_wconf 90' lang='lat'>1</span> <span class='ocrx_word' id='word_1_283' title='bbox 401 2063 536 2108; x_wconf 74' lang='lat' dir='ltr'>Incipit</span> <span class='ocrx_word' id='word_1_284' title='bbox 561 2063 648 2099; x_wconf 84' lang='lat' dir='ltr'>Cod.</span> <span class='ocrx_word' id='word_1_285' title='bbox 676 2065 834 2099; x_wconf 82' lang='lat' dir='ltr'>Ambros</span> <span class='ocrx_word' id='word_1_286' title='bbox 857 2077 893 2109; x_wconf 84' lang='lat' dir='ltr'>p.</span> <span class='ocrx_word' id='word_1_287' title='bbox 924 2069 998 2100; x_wconf 81' lang='lat'>145.</span> 
     </span>
    </p>
   </div>
   <div class='ocr_carea' id='block_1_7' title="bbox 243 2119 1776 2220">
    <p class='ocr_par' dir='ltr' id='par_1_7' title="bbox 243 2119 1776 2220">
     <span class='ocr_line' id='line_1_31' title="bbox 355 2119 1776 2165; baseline 0.002 -12"><span class='ocrx_word' id='word_1_288' title='bbox 355 2124 376 2153; x_wconf 80' lang='lat'><strong>2</strong></span> <span class='ocrx_word' id='word_1_289' title='bbox 402 2119 461 2154; x_wconf 75' lang='lat' dir='ltr'>Sic</span> <span class='ocrx_word' id='word_1_290' title='bbox 491 2120 646 2155; x_wconf 87' lang='lat' dir='ltr'>emendo</span> <span class='ocrx_word' id='word_1_291' title='bbox 676 2120 865 2156; x_wconf 78' lang='lat' dir='ltr'>Maianum</span> <span class='ocrx_word' id='word_1_292' title='bbox 902 2121 934 2156; x_wconf 89' lang='grc' dir='ltr'>εἰ</span> <span class='ocrx_word' id='word_1_293' title='bbox 964 2122 1071 2165; x_wconf 80' lang='grc' dir='ltr'>ἐρῶν.</span> <span class='ocrx_word' id='word_1_294' title='bbox 1121 2121 1169 2156; x_wconf 87' lang='lat' dir='ltr'>Et</span> <span class='ocrx_word' id='word_1_295' title='bbox 1203 2133 1300 2157; x_wconf 83' lang='lat' dir='ltr'>nune</span> <span class='ocrx_word' id='word_1_296' title='bbox 1336 2122 1442 2158; x_wconf 87' lang='lat' dir='ltr'>video</span> <span class='ocrx_word' id='word_1_297' title='bbox 1479 2122 1533 2157; x_wconf 82' lang='lat' dir='ltr'>ita</span> <span class='ocrx_word' id='word_1_298' title='bbox 1568 2122 1776 2157; x_wconf 75' lang='lat' dir='ltr'>Iaeobsium</span> 
     </span>
     <span class='ocr_line' id='line_1_32' title="bbox 243 2176 627 2220; baseline 0.008 -11"><span class='ocrx_word' id='word_1_299' title='bbox 243 2185 390 2220; x_wconf 83' lang='lat' dir='ltr'>quoque</span> <span class='ocrx_word' id='word_1_300' title='bbox 416 2176 627 2212; x_wconf 77' lang='lat' dir='ltr'>correxisse.</span> 
     </span>
    </p>
   </div>
   <div class='ocr_carea' id='block_1_8' title="bbox 244 2232 1774 2905">
    <p class='ocr_par' dir='ltr' id='par_1_8' title="bbox 357 2232 915 2279">
     <span class='ocr_line' id='line_1_33' title="bbox 357 2232 915 2279; baseline 0.007 -13"><span class='ocrx_word' id='word_1_301' title='bbox 357 2237 376 2267; x_wconf 87' lang='lat'>3</span> <span class='ocrx_word' id='word_1_302' title='bbox 404 2232 492 2268; x_wconf 82' lang='lat' dir='ltr'>Cod.</span> <span class='ocrx_word' id='word_1_303' title='bbox 524 2235 568 2277; x_wconf 84' lang='grc' dir='ltr'>δὴ</span> <span class='ocrx_word' id='word_1_304' title='bbox 595 2235 915 2279; x_wconf 86' lang='grc' dir='ltr'>ὑπολειπομήνης.</span> 
     </span>
    </p>

    <p class='ocr_par' dir='ltr' id='par_1_9' title="bbox 356 2289 1713 2361">
     <span class='ocr_line' id='line_1_34' title="bbox 356 2289 1713 2361; baseline 0.004 -38"><span class='ocrx_word' id='word_1_305' title='bbox 356 2294 378 2323; x_wconf 87' lang='grc'>4</span> <span class='ocrx_word' id='word_1_306' title='bbox 401 2289 481 2334; x_wconf 84' lang='lat' dir='ltr'>Hoc</span> <span class='ocrx_word' id='word_1_307' title='bbox 504 2290 619 2324; x_wconf 82' lang='lat' dir='ltr'>malui</span> <span class='ocrx_word' id='word_1_308' title='bbox 643 2302 726 2325; x_wconf 80' lang='lat' dir='ltr'>eum</span> <span class='ocrx_word' id='word_1_309' title='bbox 750 2291 978 2327; x_wconf 85' lang='lat' dir='ltr'>Buttmanno</span> <span class='ocrx_word' id='word_1_310' title='bbox 1004 2302 1116 2336; x_wconf 81' lang='lat' dir='ltr'>quam</span> <span class='ocrx_word' id='word_1_311' title='bbox 1140 2292 1230 2327; x_wconf 79' lang='lat' dir='ltr'>Maii</span> <span class='ocrx_word' id='word_1_312' title='bbox 1254 2293 1477 2361; x_wconf 78' lang='lat' dir='ltr'>scripturam</span> <span class='ocrx_word' id='word_1_313' title='bbox 1502 2305 1713 2338; x_wconf 84' lang='grc' dir='ltr'>αναχακειν</span> 
     </span>
    </p>

    <p class='ocr_par' dir='ltr' id='par_1_10' title="bbox 356 2346 820 2392">
     <span class='ocr_line' id='line_1_35' title="bbox 356 2346 820 2392; baseline 0.007 -12"><span class='ocrx_word' id='word_1_314' title='bbox 356 2349 376 2380; x_wconf 89' lang='grc'>5</span> <span class='ocrx_word' id='word_1_315' title='bbox 404 2346 490 2381; x_wconf 84' lang='lat' dir='ltr'>Cod</span> <span class='ocrx_word' id='word_1_316' title='bbox 516 2358 552 2392; x_wconf 89' lang='lat' dir='ltr'>p.</span> <span class='ocrx_word' id='word_1_317' title='bbox 583 2351 662 2382; x_wconf 83' lang='lat'>145:</span> <span class='ocrx_word' id='word_1_318' title='bbox 687 2350 820 2390; x_wconf 87' lang='grc' dir='ltr'>γαλεπ.</span> 
     </span>
    </p>

    <p class='ocr_par' dir='ltr' id='par_1_11' title="bbox 357 2402 575 2448">
     <span class='ocr_line' id='line_1_36' title="bbox 357 2402 575 2448; baseline 0.01 -12"><span class='ocrx_word' id='word_1_319' title='bbox 357 2406 376 2436; x_wconf 85' lang='grc'><strong>6</strong></span> <span class='ocrx_word' id='word_1_320' title='bbox 404 2402 490 2438; x_wconf 85' lang='lat' dir='ltr'>Cod.</span> <span class='ocrx_word' id='word_1_321' title='bbox 517 2415 575 2448; x_wconf 83' lang='grc' dir='ltr'>γη.</span> 
     </span>
    </p>

    <p class='ocr_par' dir='ltr' id='par_1_12' title="bbox 358 2458 707 2505">
     <span class='ocr_line' id='line_1_37' title="bbox 358 2458 707 2505; baseline 0.009 -12"><span class='ocrx_word' id='word_1_322' title='bbox 358 2463 376 2494; x_wconf 80' lang='grc'>’7</span> <span class='ocrx_word' id='word_1_323' title='bbox 404 2458 491 2494; x_wconf 77' lang='lat' dir='ltr'>eod.</span> <span class='ocrx_word' id='word_1_324' title='bbox 518 2461 707 2505; x_wconf 77' lang='grc' dir='ltr'>ἔςτηηςεν.</span> 
     </span>
    </p>

    <p class='ocr_par' dir='ltr' id='par_1_13' title="bbox 358 2515 705 2554">
     <span class='ocr_line' id='line_1_38' title="bbox 358 2515 705 2554; baseline 0.014 -5"><span class='ocrx_word' id='word_1_325' title='bbox 358 2519 378 2550; x_wconf 85' lang='grc'>8</span> <span class='ocrx_word' id='word_1_326' title='bbox 406 2515 493 2551; x_wconf 87' lang='lat' dir='ltr'>Cod.</span> <span class='ocrx_word' id='word_1_327' title='bbox 520 2518 705 2554; x_wconf 79' lang='grc' dir='ltr'>ΠΕΙΡΘΑ.</span> 
     </span>
    </p>

    <p class='ocr_par' dir='ltr' id='par_1_14' title="bbox 358 2572 682 2610">
     <span class='ocr_line' id='line_1_39' title="bbox 358 2572 682 2610; baseline 0.003 -3"><span class='ocrx_word' id='word_1_328' title='bbox 358 2576 377 2607; x_wconf 88' lang='grc'><strong>9</strong></span> <span class='ocrx_word' id='word_1_329' title='bbox 404 2572 491 2607; x_wconf 89' lang='lat' dir='ltr'>Cod.</span> <span class='ocrx_word' id='word_1_330' title='bbox 522 2575 682 2610; x_wconf 88' lang='grc' dir='ltr'>ΗΕΡΩΝ.</span> 
     </span>
    </p>

    <p class='ocr_par' dir='ltr' id='par_1_15' title="bbox 336 2628 694 2666">
     <span class='ocr_line' id='line_1_40' title="bbox 336 2628 694 2666; baseline 0.008 -3"><span class='ocrx_word' id='word_1_331' title='bbox 336 2633 377 2664; x_wconf 90' lang='grc'>10</span> <span class='ocrx_word' id='word_1_332' title='bbox 403 2628 490 2664; x_wconf 85' lang='lat' dir='ltr'>Cod.</span> <span class='ocrx_word' id='word_1_333' title='bbox 516 2631 694 2666; x_wconf 81' lang='grc' dir='ltr'>ΠΗΡΩΝ,</span> 
     </span>
    </p>

    <p class='ocr_par' dir='ltr' id='par_1_16' title="bbox 337 2685 1501 2733">
     <span class='ocr_line' id='line_1_41' title="bbox 337 2685 1501 2733; baseline 0.006 -14"><span class='ocrx_word' id='word_1_334' title='bbox 337 2690 375 2719; x_wconf 92' lang='grc'>11</span> <span class='ocrx_word' id='word_1_335' title='bbox 404 2685 491 2721; x_wconf 82' lang='lat' dir='ltr'>Cod.</span> <span class='ocrx_word' id='word_1_336' title='bbox 519 2688 572 2731; x_wconf 78' lang='grc' dir='ltr'>ὃς,</span> <span class='ocrx_word' id='word_1_337' title='bbox 596 2688 662 2722; x_wconf 85' lang='lat' dir='ltr'>sed</span> <span class='ocrx_word' id='word_1_338' title='bbox 685 2699 796 2733; x_wconf 81' lang='lat' dir='ltr'>saepe</span> <span class='ocrx_word' id='word_1_339' title='bbox 822 2700 845 2723; x_wconf 84' lang='lat' dir='ltr'>a</span> <span class='ocrx_word' id='word_1_340' title='bbox 867 2688 1019 2724; x_wconf 80' lang='lat' dir='ltr'>librario</span> <span class='ocrx_word' id='word_1_341' title='bbox 1046 2690 1321 2725; x_wconf 86' lang='lat' dir='ltr'>confunduntur</span> <span class='ocrx_word' id='word_1_342' title='bbox 1346 2693 1375 2727; x_wconf 93' lang='grc' dir='ltr'>Ο</span> <span class='ocrx_word' id='word_1_343' title='bbox 1402 2692 1439 2726; x_wconf 90' lang='lat' dir='ltr'>et</span> <span class='ocrx_word' id='word_1_344' title='bbox 1462 2692 1501 2726; x_wconf 92' lang='grc' dir='ltr'>Ω.</span> 
     </span>
    </p>

    <p class='ocr_par' dir='ltr' id='par_1_17' title="bbox 244 2742 1774 2840">
     <span class='ocr_line' id='line_1_42' title="bbox 338 2742 1774 2794; baseline 0.006 -18"><span class='ocrx_word' id='word_1_345' title='bbox 338 2746 377 2776; x_wconf 80' lang='lat'>12</span> <span class='ocrx_word' id='word_1_346' title='bbox 401 2742 704 2779; x_wconf 79' lang='lat' dir='ltr'>Emendaverunt</span> <span class='ocrx_word' id='word_1_347' title='bbox 716 2745 904 2780; x_wconf 79' lang='lat' dir='ltr'>Iaeobsius</span> <span class='ocrx_word' id='word_1_348' title='bbox 918 2747 956 2780; x_wconf 91' lang='lat' dir='ltr'>et</span> <span class='ocrx_word' id='word_1_349' title='bbox 967 2746 1225 2788; x_wconf 82' lang='lat' dir='ltr'>Buttmannus.</span> <span class='ocrx_word' id='word_1_350' title='bbox 1250 2747 1355 2782; x_wconf 81' lang='lat' dir='ltr'>Cod.:</span> <span class='ocrx_word' id='word_1_351' title='bbox 1370 2749 1434 2782; x_wconf 74' lang='grc' dir='ltr'>ἅτ’</span> <span class='ocrx_word' id='word_1_352' title='bbox 1447 2748 1612 2792; x_wconf 83' lang='grc' dir='ltr'>ἑραςτής.</span> <span class='ocrx_word' id='word_1_353' title='bbox 1631 2748 1774 2794; x_wconf 87' lang='lat' dir='ltr'>Nempe</span> 
     </span>
     <span class='ocr_line' id='line_1_43' title="bbox 244 2798 1772 2840; baseline 0.005 -9"><span class='ocrx_word' id='word_1_354' title='bbox 244 2798 324 2832; x_wconf 89' lang='lat' dir='ltr'>tum</span> <span class='ocrx_word' id='word_1_355' title='bbox 341 2798 479 2833; x_wconf 87' lang='lat' dir='ltr'>Fronto</span> <span class='ocrx_word' id='word_1_356' title='bbox 493 2801 571 2834; x_wconf 86' lang='lat' dir='ltr'>tum</span> <span class='ocrx_word' id='word_1_357' title='bbox 584 2800 751 2836; x_wconf 81' lang='lat' dir='ltr'>Herodes</span> <span class='ocrx_word' id='word_1_358' title='bbox 763 2801 908 2837; x_wconf 80' lang='lat' dir='ltr'>Atticus</span> <span class='ocrx_word' id='word_1_359' title='bbox 925 2803 1106 2838; x_wconf 82' lang='lat' dir='ltr'>amabant</span> <span class='ocrx_word' id='word_1_360' title='bbox 1117 2803 1164 2838; x_wconf 92' lang='lat' dir='ltr'>M.</span> <span class='ocrx_word' id='word_1_361' title='bbox 1182 2803 1393 2839; x_wconf 80' lang='lat' dir='ltr'>Caesarem:</span> <span class='ocrx_word' id='word_1_362' title='bbox 1418 2816 1477 2839; x_wconf 82' lang='lat' dir='ltr'>res</span> <span class='ocrx_word' id='word_1_363' title='bbox 1493 2804 1692 2840; x_wconf 76' lang='lat' dir='ltr'>manifesta</span> <span class='ocrx_word' id='word_1_364' title='bbox 1705 2805 1772 2840; x_wconf 81' lang='lat' dir='ltr'>est.</span> 
     </span>
    </p>

    <p class='ocr_par' dir='ltr' id='par_1_18' title="bbox 338 2854 1774 2905">
     <span class='ocr_line' id='line_1_44' title="bbox 338 2854 1774 2905; baseline 0.003 -16"><span class='ocrx_word' id='word_1_365' title='bbox 338 2858 379 2889; x_wconf 83' lang='lat'>13</span> <span class='ocrx_word' id='word_1_366' title='bbox 406 2854 493 2890; x_wconf 89' lang='lat' dir='ltr'>Cod.</span> <span class='ocrx_word' id='word_1_367' title='bbox 524 2858 634 2899; x_wconf 89' lang='grc' dir='ltr'>παρά.</span> <span class='ocrx_word' id='word_1_368' title='bbox 681 2857 843 2902; x_wconf 77' lang='lat' dir='ltr'>Appiani</span> <span class='ocrx_word' id='word_1_369' title='bbox 873 2858 1038 2894; x_wconf 77' lang='lat' dir='ltr'>historici</span> <span class='ocrx_word' id='word_1_370' title='bbox 1066 2860 1160 2894; x_wconf 83' lang='lat' dir='ltr'>haee</span> <span class='ocrx_word' id='word_1_371' title='bbox 1190 2861 1247 2895; x_wconf 82' lang='lat' dir='ltr'>est</span> <span class='ocrx_word' id='word_1_372' title='bbox 1272 2860 1446 2905; x_wconf 81' lang='lat' dir='ltr'>epistula,</span> <span class='ocrx_word' id='word_1_373' title='bbox 1483 2861 1528 2897; x_wconf 89' lang='lat' dir='ltr'>de</span> <span class='ocrx_word' id='word_1_374' title='bbox 1560 2860 1661 2896; x_wconf 82' lang='lat' dir='ltr'>cuius</span> <span class='ocrx_word' id='word_1_375' title='bbox 1692 2871 1774 2895; x_wconf 84' lang='lat' dir='ltr'>eum</span> 
     </span>
    </p>
   </div>
  </div>
 </body>
</html>
