1968 3158
881 192 1058 232 CORRIG
1064 193 1208 231 ENDA.
1729 196 1815 239 295

278 310 320 347 Ρ.
345 312 412 345 234
436 321 469 344 v.
498 308 563 344 ult.
612 309 692 344 Iam
716 308 858 344 Alanus
890 310 1086 356 occupavit
1110 310 1328 347 emendare:
1370 309 1496 347 mariti
1520 322 1592 347 vox
1617 324 1679 347 ore
1703 310 1814 347 caris-

369 365 462 401 simo
488 366 526 401 et
550 366 703 412 pectore
728 365 957 402 iunctissimo
982 367 1163 413 prosecta.

369 434 549 480 Reliquae
582 432 692 469 Alani
722 434 956 471 coniecturae
995 434 1198 471 lectoribus
1239 435 1398 472 fortasse
1438 435 1559 471 minus
1599 435 1813 482 placebunt.

274 492 380 528 Idem
410 491 449 527 in
475 490 808 527 Observationibus
839 490 877 526 in
909 491 991 528 loca
1016 491 1159 537 aliquot
1184 492 1389 537 Ciceronis,
1416 504 1512 539 quae
1537 492 1702 528 Dublinii
1727 504 1812 540 pro·

277 548 428 584 dierunt
452 547 550 584 aimo
578 551 678 591 1863,
704 547 935 584 emendavit:

275 605 317 641 P.
345 609 409 641 192
433 617 466 641 ν.
496 608 548 641 16.
583 604 699 650 Lege:
725 612 786 640 aut
809 616 921 642 verae
946 605 1000 641 rei
1024 609 1143 642 demeit
1169 607 1235 643 aut
1259 605 1415 643 addidit.
1449 606 1497 643 Et
1520 606 1576 643 ita
1599 606 1674 644 iam
1698 606 1812 644 Hein-

369 661 516 698 dorfius.

274 718 316 754 P.
342 722 408 755 209
435 730 467 754 v.
495 722 527 754 9.
561 718 681 764 Lege:
708 730 821 765 quam
845 718 925 755 iure
949 719 1173 766 supplicium
1197 724 1268 757 luit.

275 775 315 811 Ρ.
340 779 407 811 214
431 788 464 811 v.
494 779 523 811 1.
556 775 674 821 Lege:
706 779 799 822 quod
821 780 917 812 unice
942 776 1089 813 divinae
1114 778 1272 814 naturae
1297 777 1493 824 proprium
1517 778 1583 813 est.

810 1020 1274 1084 Corrigenda.

364 1142 586 1189 Supersunt,
624 1144 666 1179 ut
695 1143 751 1188 fit,
782 1154 904 1190 pauca
935 1142 1121 1187 quaedam
1147 1141 1370 1187 corrigenda
1422 1142 1461 1178 P.
1491 1146 1532 1179 17
1558 1154 1608 1178 vs.
1635 1147 1658 1179 4
1681 1142 1810 1178 vitium

272 1199 560 1245 typothetarum
590 1203 662 1244 est,
702 1212 790 1236 nam
821 1199 939 1235 codex
967 1210 1042 1235 non
1075 1198 1192 1234 habet
1221 1202 1315 1244 luyat
1339 1198 1404 1234 sed
1427 1202 1531 1243 legat.
1579 1198 1618 1234 P.
1645 1202 1689 1234 36
1713 1211 1765 1235 vs.
1790 1203 1812 1235 9

271 1256 508 1292 scribendum
533 1258 591 1292 est
611 1260 707 1301 fecit,
733 1267 808 1292 non
827 1259 936 1301 facit,·
967 1257 1024 1291 est
1048 1255 1113 1291 illa
1138 1255 1238 1290 certe
1266 1254 1412 1290 Codicis
1436 1254 1558 1291 lectio.
1608 1255 1810 1292 Praeterea

274 1308 413 1349 obsitus
444 1325 525 1349 sum
555 1325 707 1350 monere
740 1312 916 1349 Codieem
945 1311 1064 1348 amieo
1096 1311 1232 1348 diserte
1258 1311 1467 1347 exhibuisse
1492 1324 1528 1358 p.
1555 1315 1576 1348 5
1601 1324 1633 1347 v.
1664 1315 1705 1347 12
1730 1318 1814 1358 quid

271 1381 347 1405 non
371 1374 479 1416 quod,
512 1383 549 1416 p.
576 1375 596 1406 6
621 1383 654 1407 v.
685 1375 723 1406 11
749 1382 805 1416 pr.
833 1382 881 1405 m.
909 1376 1107 1415 tantopere,
1141 1379 1212 1404 see.
1238 1380 1288 1405 m.
1314 1376 1409 1404 tanto
1434 1370 1550 1414 opere,
1575 1380 1612 1414 p.
1641 1373 1704 1404 142
1732 1381 1762 1405 v.
1792 1374 1808 1405 1

271 1430 407 1462 litteras
431 1434 506 1463 non
529 1431 661 1469 literaS,
686 1439 722 1474 p.
746 1430 812 1463 213
836 1439 870 1462 v.
889 1430 910 1461 6
933 1430 1076 1471 precari
1098 1437 1174 1461 non
1197 1429 1372 1470 praecari,
1396 1437 1447 1461 vs.
1470 1429 1512 1461 10
1537 1429 1619 1461 deos
1644 1426 1684 1461 et
1706 1429 1810 1462 leomi-

272 1496 333 1518 nes
356 1493 432 1518 non
457 1487 540 1519 deos
563 1487 712 1519 nomines
736 1484 774 1520 et
797 1483 836 1519 in
860 1482 1031 1528 margine
1062 1495 1127 1528 ope
1157 1492 1233 1517 non
1257 1495 1374 1527 opere.
1421 1481 1542 1518 Maius
1567 1481 1612 1518 de
1637 1482 1695 1517 his
1719 1482 1810 1519 loeis

271 1550 473 1585 perperam
498 1539 635 1576 retulit.

363 1596 394 1632 E
418 1596 509 1632 Maii
532 1596 764 1640 lectionibus,
796 1596 842 1632 de
874 1595 1008 1640 quibus
1037 1595 1178 1631 amicus
1208 1594 1300 1630 nihil
1324 1594 1538 1640 adnotavit,
1574 1595 1681 1631 omisi
1712 1606 1808 1641 quae

273 1653 494 1699 sequuntur3
522 1647 699 1690 credibile
726 1654 784 1689 est
807 1652 863 1689 ita
885 1653 924 1688 in
950 1652 1085 1689 Codice
1109 1652 1202 1697 legi:

270 1733 310 1768 P.
348 1737 371 1768 4
393 1745 444 1768 vs.
470 1744 555 1779 pen.
594 1746 685 1769 aves.
734 1733 794 1769 Ita
816 1733 948 1778 Maius,
973 1733 1039 1768 sed
1063 1732 1102 1786 in
1125 1731 1204 1768 eius
1227 1731 1372 1768 schedis
1396 1744 1444 1767 es.

283 1811 296 1816 -
324 1794 366 1827 16
408 1811 420 1816 -
471 1795 513 1827 13
581 1793 756 1835 sepelitur.
965 1789 1053 1826 Cod.
1081 1801 1152 1825 seo.
1176 1789 1317 1824 Maium
1339 1792 1527 1834 sepeltitur.

284 1868 296 1872 —
323 1851 379 1882 21-
408 1867 419 1872 -
493 1850 514 1882 6
583 1851 632 1883 ud
653 1850 716 1883 hoc
1007 1867 1020 1872 -
1116 1866 1130 1873 -
1249 1866 1262 1872 -
1333 1853 1371 1881 at
1392 1849 1467 1882 Ιιοο.

284 1924 296 1929 -
323 1907 368 1939 24
409 1924 422 1929 -
494 1907 514 1939 6
585 1906 739 1939 chartam
1007 1924 1019 1929 -
1117 1923 1130 1929 -
1200 1939 1205 1945 ,
1249 1922 1262 1929 ·
1334 1905 1496 1949 cartham.

283 1981 295 1987 -
322 1965 366 1996 27
408 1981 419 1986 -
469 1972 554 2007 pen.
582 1974 679 2006 quom
1247 1979 1261 1985 -
1331 1971 1388 2005 pr.
1404 1971 1452 1994 m.
1468 1973 1546 2005 quo,
1565 1971 1636 1996 see.
1658 1971 1705 1996 m.
1722 1973 1803 1996 cum.

285 2038 297 2043 —
324 2022 367 2054 28
412 2038 424 2043 -
498 2022 518 2053 2
589 2021 766 2064 quaestori
1251 2036 1264 2041 -
1335 2020 1498 2062 questort'.

284 2095 297 2100 -
324 2078 368 2110 28
410 2094 423 2100 -
473 2078 515 2110 12
584 2077 832 2110 Demosthenen
1329 2076 1563 2110 Demostenen.

285 2152 297 2158 -
324 2135 368 2168 29
411 2152 424 2157 -
474 2135 517 2167 10
586 2134 704 2181 horam
1246 2149 1259 2156 ·
1330 2142 1438 2165 oram.

286 2209 298 2214 -
324 2192 367 2224 31
411 2208 424 2214 -
474 2191 514 2223 11
586 2192 635 2223 ad
665 2190 830 2223 Graecam
1249 2206 1262 2212 ·
1333 2200 1355 2222 a
1381 2189 1527 2222 Graeca.

284 2265 297 2271 -
323 2248 368 2281 36
410 2264 423 2270 -
494 2248 517 2279 4
587 2248 637 2280 At
1335 2246 1404 2279 Ad.

283 2321 295 2326 —
321 2305 365 2336 36
407 2321 420 2326 -
471 2303 514 2336 18
583 2304 648 2336 Die
672 2309 810 2336 senatus
1243 2320 1256 2326 -
1326 2303 1381 2335 De
1404 2308 1553 2336 senatus.

284 2378 297 2383 -
323 2361 366 2393 37
392 2376 421 2399 ,-
472 2360 513 2391 12
581 2361 723 2402 prodiyi
1249 2378 1262 2383 -
1333 2369 1389 2403 pr.
1416 2369 1464 2391 m.
1489 2360 1657 2401 prodiqei.

284 2435 296 2439 -
321 2417 366 2449 40
408 2433 420 2439 -
471 2417 514 2448 14
584 2415 854 2459 Adpropinquat
1247 2435 1260 2440 -
1331 2425 1387 2459 pr.
1414 2425 1461 2448 m.
1489 2416 1760 2459 Atpropt'nqnat.

286 2492 297 2495 -
324 2474 369 2506 40
411 2490 423 2495 -
471 2480 557 2516 pen.
583 2473 763 2505 meditatus
787 2482 824 2504 es
1119 2489 1131 2497 -
1175 2508 1181 2515 ,
1251 2491 1263 2495 -
1334 2474 1514 2504 meditatus
1538 2476 1600 2505 est.

284 2548 296 2553 -
322 2531 366 2563 42
409 2547 422 2552 -
472 2530 513 2561 11
585 2529 677 2572 quod
699 2528 866 2561 Heroden
1332 2535 1401 2561 seo.
1412 2537 1459 2560 m.
1477 2529 1570 2571 quod
1583 2529 1617 2561 in
1627 2529 1804 2563 Heroden.

284 2604 297 2608 -
322 2587 366 2618 42
408 2602 420 2608 -
471 2586 513 2618 19
581 2589 685 2627 putas
1332 2592 1404 2617 sec.
1419 2593 1479 2621 ,m.
1503 2589 1614 2627 putes.

283 2660 296 2665 —
322 2643 366 2675 47
408 2659 421 2665 -
471 2642 514 2675 15
581 2641 719 2674 somniis
1246 2658 1260 2664 -
1329 2642 1463 2674 somnis.

284 2717 297 2722 -
323 2700 368 2732 50
410 2716 423 2721 -
494 2699 517 2730 4
587 2698 635 2730 ad
1246 2714 1259 2720 -
1330 2703 1378 2730 at.

286 2773 298 2778 —
325 2756 368 2789 51
411 2771 423 2778 -
495 2756 516 2787 3
586 2755 688 2787 otium
1248 2770 1261 2776 -
1331 2763 1387 2798 pr.
1415 2763 1462 2786 m.
1490 2759 1524 2787 et
1547 2755 1659 2788 otium.

284 2830 296 2834 -
323 2813 368 2846 55
410 2828 423 2833 —
496 2811 514 2843 1
584 2811 799 2853 pompatIcas
1248 2828 1261 2834 -
1331 2819 1389 2853 pr.
1416 2819 1463 2843 m.
1491 2813 1708 2853 ponpaticas.

285 2886 297 2892 -
323 2869 368 2901 55
409 2884 422 2890 -
472 2867 514 2899 18
583 2867 710 2910 partim
1249 2884 1261 2890 -
1329 2868 1467 2910 patrim.

472 2923 514 2956 10
584 2923 760 2956 Dominam
782 2934 823 2956 m.
846 2925 959 2957 saluta
1007 2941 1020 2946 -
1332 2924 1473 2957 Domine
1495 2934 1536 2956 m.
1559 2926 1679 2958 salute.

287 2925 422 2958 -57-
