1968 3158
669 144 735 179 AD
760 143 1056 180 ANTONINUM
1080 143 1209 180 PIUM.
1629 145 1709 187 163

768 280 1111 317 EPISTULARUM

565 362 654 406 AD
692 362 1111 405 ANTONINUM
1150 362 1318 406 PIUM

857 453 1019 490 INDEX.

172 549 188 580 1
218 544 266 580 Ut
289 544 506 589 meministi,
534 545 683 588 Caesar,
709 556 792 580 cum
816 544 896 580 tibi.
982 549 1001 580 ‘1
1029 546 1218 590 Oml'nem
1245 556 1398 591 operam
1426 558 1483 581 me

170 605 190 636 2
215 601 365 645 Quanta
391 631 397 637 .
427 631 434 638 .
463 631 468 637 .
498 631 504 637 .
982 605 1003 636 8
1031 630 1687 638 ...................
1698 605 1712 626 ²

170 663 191 694 3
215 658 254 693 Si
279 659 426 695 evenire
450 660 576 704 posset
599 660 688 705 imp.
982 663 1003 694 9
1028 659 1166 704 Accepi
1193 659 1341 696 Caesar.

168 719 190 750 4
216 715 345 751 Catius
370 716 469 752 vitae
495 727 601 751 meae
626 721 746 762 parte.
963 720 1004 752 10
1029 715 1228 752 Castricius
1252 719 1388 753 noster.

170 775 190 807 5
215 771 307 807 Cum
331 773 427 808 bene
451 774 678 819 perspectas.
963 777 1003 808 11
1028 773 1189 819 Legam,
1214 774 1276 818 fili,
1301 775 1473 812 libenter.

169 834 190 865 6
215 829 307 865 Cum
333 830 571 875 gravitatem.
963 834 1005 865 12
1029 830 1182 875 Fecisti,
1207 832 1324 867 frater
1350 831 1557 868 Contucci-³.

459 969 555 1025 (M.
587 970 953 1026 CORNELII
992 970 1423 1027 FRONTONIS

303 1109 306 1113 -
375 1074 727 1123 EPISTULAE
763 1074 851 1123 AD
887 1074 1278 1124 ANTONINUM
1314 1076 1508 1138 PIUM.)

291 1175 334 1218 Ι.
394 1176 689 1231 Imperatori
721 1175 965 1243 Antonino
995 1176 1085 1220 Pio
1115 1175 1335 1231 Augusto
1366 1177 1591 1221 Front0⁴.

286 1267 347 1311 Ut
376 1268 634 1322 meministi,
676 1268 856 1324 Caesar,
900 1283 996 1310 cum
1033 1269 1114 1311 tibi
1155 1269 1202 1311 in
1233 1272 1387 1311 senatu
1418 1270 1583 1326 gratias
1615 1285 1713 1326 age-

171 1337 303 1391 rem-⁵,
344 1337 553 1379 desiderio
592 1337 776 1392 quodam
809 1371 817 1379 .
854 1371 862 1379 .
900 1371 908 1379 .
949 1352 1058 1393 quae
1089 1338 1268 1379 distuler
1301 1372 1309 1379 .
1345 1372 1352 1379 .
1387 1338 1491 1379 dicit
1525 1372 1532 1380 .
1570 1372 1578 1380 .
1611 1354 1714 1380 nere

172 1407 324 1447 senatu
345 1405 612 1461 frequentior
632 1410 848 1448 intersum.
892 1405 1005 1448 Nam
1029 1440 1037 1448 .
1064 1439 1072 1448 .
1096 1406 1264 1448 litteras
1295 1421 1403 1462 quae
1433 1421 1480 1448 eo
1511 1407 1578 1448 die
1610 1408 1713 1449 reci-

172 1474 378 1516 tabantur
411 1507 420 1516 .
456 1508 464 1516 .
499 1477 563 1516 tes
597 1508 605 1515 .
642 1508 650 1516 .
683 1474 855 1516 librum.
917 1474 1128 1523 Dominus
1162 1508 1169 1515 .
1207 1475 1245 1516 ‚⁶
1304 1474 1424 1516 Bene
1454 1475 1560 1516 vale.

435 1588 506 1631 ΙΙ.
566 1588 627 1631 Μ.
659 1587 895 1632 Frontoni
927 1586 1202 1632 Antoninus
1234 1588 1449 1632 Caesar&

286 1679 459 1729 Quanta
492 1713 500 1721 .
537 1680 574 1721 ,3
604 1695 672 1722 me
702 1682 776 1722 tuo
800 1714 808 1722 .
833 1679 1005 1722 hercule
1030 1714 1037 1722 .
1075 1714 1083 1722 .
1115 1680 1324 1736 optim01⁹
1357 1681 1404 1722 in
1417 1681 1447 1707 ¹⁰
1486 1683 1577 1723 tam
1607 1682 1713 1724 trita

174 1750 218 1790 et
256 1748 427 1790 assidua
470 1748 551 1790 tibi
596 1749 821 1791 materia¹¹
867 1749 1062 1791 invenire
1101 1751 1144 1790 et
1183 1763 1319 1804 posse.
1389 1749 1473 1791 Sed
1516 1750 1715 1793 videlicet

290 1890 307 1920 1
334 1884 511 1929 Sequitur
535 1885 624 1920 Cod.
650 1897 687 1931 p.
714 1889 797 1929 342,
824 1893 920 1930 quae
944 1885 1021 1930 legi
1045 1895 1119 1920 non
1141 1885 1277 1930 potest.

287 1947 308 1978 2
332 1942 425 1988 Legi
440 1943 572 1987 nequit
586 1942 733 1977 initium
757 1942 865 1977 unius
882 1941 1074 1988 epistolae.
1109 1942 1206 1986 Fuit,
1231 1942 1270 1977 ni
1285 1942 1413 1987 fallor,
1438 1942 1561 1988 prima
1578 1943 1664 1979 libri
1681 1943 1715 1978 ΙΙ

175 2001 223 2036 ad
248 2000 407 2035 Amicos.

289 2063 310 2094 3
335 2057 426 2092 Tres
451 2056 630 2103 epistolae
648 2066 774 2092 errore
790 2056 863 2091 huc
880 2056 1022 2092 relatae
1040 2058 1142 2101 sunt,
1167 2058 1209 2092 ut
1232 2056 1330 2093 infra
1354 2057 1518 2093 dicemus
1535 2069 1602 2093 suo
1619 2058 1711 2094 loco.

288 2130 310 2162 4
333 2125 468 2161 Utrum
491 2124 592 2161 Maio
617 2125 800 2161 debeatur
825 2125 955 2161 titulus
981 2137 1029 2161 an
1054 2124 1199 2161 Codicis
1224 2126 1379 2162 librario
1404 2138 1479 2162 non
1503 2127 1651 2162 definio.

290 2187 310 2219 5
334 2183 479 2228 Nempe
503 2193 572 2228 pro
598 2182 802 2227 consulatu,
828 2183 873 2219 cf.
899 2182 966 2229 Ep.
994 2182 1044 2218 ad
1066 2182 1115 2217 M.
1136 2181 1240 2218 Caes.
1259 2183 1305 2218 II.
1334 2187 1350 2218 1
1377 2195 1456 2229 sqq.
1500 2183 1608 2226 Quod
1633 2196 1715 2219 cum

176 2252 290 2284 nunc,
319 2240 470 2285 reperto
500 2238 684 2274 Vaticano
715 2238 868 2284 Codice,
900 2239 990 2275 satis
1014 2240 1157 2276 certum
1184 2239 1372 2285 videatur,
1403 2242 1564 2286 apparet
1594 2241 1714 2276 minus

176 2298 277 2333 recte
308 2297 497 2334 dubitasse
526 2295 789 2340 Niebuhrium,
820 2307 868 2332 an
899 2295 1170 2342 Imperatorem
1199 2297 1339 2332 Fronto
1365 2297 1562 2333 Caesarem
1588 2299 1714 2344 appel-

176 2355 255 2390 lare
278 2353 472 2400 potuisset.
956 2388 962 2392 ,

291 2415 312 2446 6
336 2411 458 2456 Prope
482 2409 654 2446 universa
677 2410 790 2456 periit
813 2410 907 2446 haec
931 2410 1091 2457 epistula
1119 2422 1292 2447 versuum
1321 2410 1433 2446 XXV.
1474 2414 1598 2447 Maius.
1644 2412 1715 2448 Ita-

179 2481 250 2515 que
275 2479 349 2504 non
371 2467 558 2503 sufficiunt
581 2467 840 2513 supplementa
862 2467 1087 2512 Heindorfii‚
1112 2468 1176 2513 qui
1199 2468 1393 2514 proponit:
1419 2467 1605 2503 desiderio
1624 2479 1714 2513 quo-

179 2527 266 2562 dam
291 2529 428 2561 dieendi
451 2535 546 2569 quae
571 2523 798 2566 distuleram,
830 2526 963 2561 senatu
986 2525 1239 2571 frequentiore
1264 2527 1429 2560 eoeecutu‘s
1454 2537 1544 2559 sum.

291 2588 311 2620 ‘1
336 2582 452 2618 Huius
477 2581 656 2628 epistulae
680 2581 820 2618 mentio
846 2583 902 2617 est
926 2582 974 2618 ad
997 2582 1045 2618 M.
1073 2582 1175 2618 Caes.
1204 2582 1246 2616 II.
1274 2586 1305 2617 6.
1349 2585 1474 2617 Maius.

292 2645 313 2676 8
337 2639 533 2675 Perierunt
558 2650 682 2674 versus
707 2640 802 2675 octo.
852 2642 978 2675 Maius.

292 2701 313 2733 9
338 2696 474 2742 Incipit
497 2695 586 2731 Cod.
616 2708 653 2742 p.
680 2700 756 2732 341.

271 2759 314 2791 10
338 2753 459 2789 Hodie
484 2754 540 2788 est
563 2753 601 2788 in
627 2752 763 2790 Codice
787 2754 951 2800 spatium
976 2753 1090 2789 trium
1115 2752 1336 2788 litterarum.

272 2816 312 2847 11
338 2812 439 2857 Ergo
463 2810 602 2846 Fronto
626 2822 738 2857 saepe
762 2811 952 2857 publicam
976 2810 1232 2846 laudationem
1255 2809 1322 2844 Pio
1347 2808 1511 2854 dixerat,
1537 2811 1632 2847 sicut
1651 2824 1713 2848 an-

179 2870 242 2905 tea
266 2869 468 2905 Hadriano.
518 2867 571 2903 Cf.
598 2868 647 2904 ad
670 2868 719 2904 M.
746 2868 849 2904 Caes.
876 2869 920 2904 ΙΙ.
946 2872 978 2903 4.
1029 2869 1155 2903 Maius.

1360 2926 1445 2966 11*
