<?xml version="1.0" encoding="UTF-8"?>
<!DOCTYPE html PUBLIC "-//W3C//DTD XHTML 1.0 Transitional//EN"
    "http://www.w3.org/TR/xhtml1/DTD/xhtml1-transitional.dtd">
<html xmlns="http://www.w3.org/1999/xhtml" xml:lang="en" lang="en">
 <head>
  <title>
</title>
<meta http-equiv="Content-Type" content="text/html;charset=utf-8" />
  <meta name='ocr-system' content='tesseract 3.04.00' />
  <meta name='ocr-capabilities' content='ocr_page ocr_carea ocr_par ocr_line ocrx_word'/>
</head>
<body>
  <div class='ocr_page' id='page_1' title='image "./mcorneliifronton00fronuoft_0156.png"; bbox 0 0 1968 3158; ppageno 0'>
   <div class='ocr_carea' id='block_1_1' title="bbox 219 185 1459 243">
    <p class='ocr_par' dir='ltr' id='par_1_1' title="bbox 219 185 1459 243">
     <span class='ocr_line' id='line_1_1' title="bbox 219 185 1459 243; baseline -0.002 -17"><span class='ocrx_word' id='word_1_1' title='bbox 219 194 298 235; x_wconf 84' lang='lat'>116</span> <span class='ocrx_word' id='word_1_2' title='bbox 498 191 546 225; x_wconf 88' lang='lat' dir='ltr'>M.</span> <span class='ocrx_word' id='word_1_3' title='bbox 566 188 791 225; x_wconf 80' lang='lat' dir='ltr'>CORNELII</span> <span class='ocrx_word' id='word_1_4' title='bbox 815 185 1092 243; x_wconf 73' lang='lat' dir='ltr'>FRONToNJs</span> <span class='ocrx_word' id='word_1_5' title='bbox 1116 185 1459 223; x_wconf 74' lang='lat' dir='ltr'><strong>EPISTULARUM</strong></span> 
     </span>
    </p>
   </div>
   <div class='ocr_carea' id='block_1_2' title="bbox 216 290 1749 630">
    <p class='ocr_par' dir='ltr' id='par_1_2' title="bbox 216 290 1749 630">
     <span class='ocr_line' id='line_1_2' title="bbox 217 290 1744 362; baseline -0.004 -15"><span class='ocrx_word' id='word_1_6' title='bbox 217 308 377 362; x_wconf 84' lang='lat' dir='ltr'>quanto</span> <span class='ocrx_word' id='word_1_7' title='bbox 408 305 464 346; x_wconf 89' lang='lat' dir='ltr'>sit</span> <span class='ocrx_word' id='word_1_8' title='bbox 494 302 756 358; x_wconf 87' lang='lat' dir='ltr'>Apolausto¹</span> <span class='ocrx_word' id='word_1_9' title='bbox 790 301 980 343; x_wconf 79' lang='lat' dir='ltr'>similior.</span> <span class='ocrx_word' id='word_1_10' title='bbox 1042 290 1124 355; x_wconf 74' lang='lat' dir='ltr'>Sed</span> <span class='ocrx_word' id='word_1_11' title='bbox 1154 300 1265 356; x_wconf 90' lang='lat' dir='ltr'>quod</span> <span class='ocrx_word' id='word_1_12' title='bbox 1295 300 1387 342; x_wconf 90' lang='lat' dir='ltr'>sine</span> <span class='ocrx_word' id='word_1_13' title='bbox 1416 299 1534 341; x_wconf 85' lang='lat' dir='ltr'>ioco2</span> <span class='ocrx_word' id='word_1_14' title='bbox 1564 299 1744 355; x_wconf 80' lang='lat' dir='ltr'>dicatur,</span> 
     </span>
     <span class='ocr_line' id='line_1_3' title="bbox 216 367 1746 422; baseline -0.003 -8"><span class='ocrx_word' id='word_1_15' title='bbox 216 374 314 415; x_wconf 88' lang='lat' dir='ltr'>iube</span> <span class='ocrx_word' id='word_1_16' title='bbox 344 371 565 414; x_wconf 87' lang='lat' dir='ltr'>Valerium</span> <span class='ocrx_word' id='word_1_17' title='bbox 601 371 733 412; x_wconf 88' lang='lat' dir='ltr'>istum</span> <span class='ocrx_word' id='word_1_18' title='bbox 762 370 1003 411; x_wconf 87' lang='lat' dir='ltr'>Antonium</span> <span class='ocrx_word' id='word_1_19' title='bbox 1048 369 1148 410; x_wconf 89' lang='lat' dir='ltr'>dare</span> <span class='ocrx_word' id='word_1_20' title='bbox 1185 368 1292 409; x_wconf 89' lang='lat' dir='ltr'>mihi</span> <span class='ocrx_word' id='word_1_21' title='bbox 1330 367 1543 422; x_wconf 78' lang='lat' dir='ltr'>libellum,</span> <span class='ocrx_word' id='word_1_22' title='bbox 1589 369 1654 410; x_wconf 91' lang='lat' dir='ltr'>uti</span> <span class='ocrx_word' id='word_1_23' title='bbox 1683 383 1746 411; x_wconf 91' lang='lat' dir='ltr'>re-</span> 
     </span>
     <span class='ocr_line' id='line_1_4' title="bbox 218 435 1748 494; baseline -0.003 -12"><span class='ocrx_word' id='word_1_24' title='bbox 218 439 449 494; x_wconf 76' lang='lat' dir='ltr'>scriptione</span> <span class='ocrx_word' id='word_1_25' title='bbox 480 452 646 494; x_wconf 89' lang='lat' dir='ltr'>quoque</span> <span class='ocrx_word' id='word_1_26' title='bbox 676 438 824 479; x_wconf 87' lang='lat' dir='ltr'>nostra</span> <span class='ocrx_word' id='word_1_27' title='bbox 854 437 997 493; x_wconf 83' lang='lat' dir='ltr'>gratia</span> <span class='ocrx_word' id='word_1_28' title='bbox 1027 436 1267 478; x_wconf 87' lang='lat' dir='ltr'>sententiae</span> <span class='ocrx_word' id='word_1_29' title='bbox 1296 437 1468 477; x_wconf 85' lang='lat' dir='ltr'>nostrae</span> <span class='ocrx_word' id='word_1_30' title='bbox 1497 435 1587 478; x_wconf 88' lang='lat' dir='ltr'>fiat.</span> <span class='ocrx_word' id='word_1_31' title='bbox 1646 435 1748 490; x_wconf 78' lang='lat' dir='ltr'>Epi-</span> 
     </span>
     <span class='ocr_line' id='line_1_5' title="bbox 218 503 1749 560; baseline -0.003 -11"><span class='ocrx_word' id='word_1_32' title='bbox 218 508 374 550; x_wconf 87' lang='lat' dir='ltr'>stulam</span> <span class='ocrx_word' id='word_1_33' title='bbox 403 509 522 548; x_wconf 86' lang='lat' dir='ltr'>tuam</span> <span class='ocrx_word' id='word_1_34' title='bbox 552 520 717 548; x_wconf 85' lang='lat' dir='ltr'>summa</span> <span class='ocrx_word' id='word_1_35' title='bbox 749 520 843 547; x_wconf 91' lang='lat' dir='ltr'>cum</span> <span class='ocrx_word' id='word_1_36' title='bbox 873 505 1093 560; x_wconf 88' lang='lat' dir='ltr'>voluptate</span> <span class='ocrx_word' id='word_1_37' title='bbox 1115 505 1157 546; x_wconf 92' lang='lat' dir='ltr'>et</span> <span class='ocrx_word' id='word_1_38' title='bbox 1178 504 1304 546; x_wconf 88' lang='lat' dir='ltr'>solita</span> <span class='ocrx_word' id='word_1_39' title='bbox 1326 503 1446 545; x_wconf 87' lang='lat' dir='ltr'>cum3</span> <span class='ocrx_word' id='word_1_40' title='bbox 1469 503 1749 545; x_wconf 67' lang='lat' dir='ltr'>admiratione</span> 
     </span>
     <span class='ocr_line' id='line_1_6' title="bbox 216 571 1682 630; baseline -0.002 -14"><span class='ocrx_word' id='word_1_41' title='bbox 216 576 316 630; x_wconf 82' lang='lat' dir='ltr'>legi.</span> <span class='ocrx_word' id='word_1_42' title='bbox 377 574 484 616; x_wconf 82' lang='lat' dir='ltr'>Vale</span> <span class='ocrx_word' id='word_1_43' title='bbox 514 574 573 615; x_wconf 89' lang='lat' dir='ltr'>mi</span> <span class='ocrx_word' id='word_1_44' title='bbox 603 574 824 629; x_wconf 77' lang='lat' dir='ltr'>magister,</span> <span class='ocrx_word' id='word_1_45' title='bbox 856 573 970 616; x_wconf 90' lang='lat' dir='ltr'>Vero</span> <span class='ocrx_word' id='word_1_46' title='bbox 1000 575 1075 614; x_wconf 92' lang='lat' dir='ltr'>tuo</span> <span class='ocrx_word' id='word_1_47' title='bbox 1106 572 1348 614; x_wconf 79' lang='lat' dir='ltr'>dulcissime</span> <span class='ocrx_word' id='word_1_48' title='bbox 1379 573 1422 613; x_wconf 90' lang='lat' dir='ltr'>et</span> <span class='ocrx_word' id='word_1_49' title='bbox 1453 571 1682 614; x_wconf 88' lang='lat' dir='ltr'>carissime.</span> 
     </span>
    </p>
   </div>
   <div class='ocr_carea' id='block_1_3' title="bbox 723 742 1246 797">
    <p class='ocr_par' dir='ltr' id='par_1_3' title="bbox 723 742 1246 797">
     <span class='ocr_line' id='line_1_7' title="bbox 723 742 1246 797; baseline -0.002 -11"><span class='ocrx_word' id='word_1_50' title='bbox 723 744 823 786; x_wconf 93' lang='lat' dir='ltr'>III.</span> <span class='ocrx_word' id='word_1_51' title='bbox 868 743 1099 797; x_wconf 83' lang='lat' dir='ltr'>Magistro</span> <span class='ocrx_word' id='word_1_52' title='bbox 1129 742 1246 786; x_wconf 84' lang='lat' dir='ltr'>Meo.</span> 
     </span>
    </p>
   </div>
   <div class='ocr_carea' id='block_1_4' title="bbox 219 833 1757 1637">
    <p class='ocr_par' dir='ltr' id='par_1_4' title="bbox 219 833 1757 1637">
     <span class='ocr_line' id='line_1_8' title="bbox 333 833 1749 890; baseline -0.002 -13"><span class='ocrx_word' id='word_1_53' title='bbox 333 835 414 877; x_wconf 87' lang='lat' dir='ltr'>Est</span> <span class='ocrx_word' id='word_1_54' title='bbox 443 835 555 890; x_wconf 89' lang='lat' dir='ltr'>quod</span> <span class='ocrx_word' id='word_1_55' title='bbox 586 833 690 890; x_wconf 73' lang='lat' dir='ltr'>ego4</span> <span class='ocrx_word' id='word_1_56' title='bbox 726 836 870 876; x_wconf 87' lang='lat' dir='ltr'>tecum</span> <span class='ocrx_word' id='word_1_57' title='bbox 907 834 1097 889; x_wconf 84' lang='lat' dir='ltr'>graviter</span> <span class='ocrx_word' id='word_1_58' title='bbox 1137 847 1392 889; x_wconf 81' lang='lat' dir='ltr'>conquerar,</span> <span class='ocrx_word' id='word_1_59' title='bbox 1433 833 1490 874; x_wconf 92' lang='lat' dir='ltr'>mi</span> <span class='ocrx_word' id='word_1_60' title='bbox 1528 833 1749 888; x_wconf 75' lang='lat' dir='ltr'>magister,</span> 
     </span>
     <span class='ocr_line' id='line_1_9' title="bbox 221 901 1752 959; baseline -0.002 -14"><span class='ocrx_word' id='word_1_61' title='bbox 221 906 263 946; x_wconf 89' lang='lat' dir='ltr'>et</span> <span class='ocrx_word' id='word_1_62' title='bbox 293 904 464 959; x_wconf 89' lang='lat' dir='ltr'>quidem</span> <span class='ocrx_word' id='word_1_63' title='bbox 500 903 563 944; x_wconf 90' lang='lat' dir='ltr'>uti</span> <span class='ocrx_word' id='word_1_64' title='bbox 603 902 836 957; x_wconf 86' lang='lat' dir='ltr'>querellam</span> <span class='ocrx_word' id='word_1_65' title='bbox 881 901 998 943; x_wconf 89' lang='lat' dir='ltr'>dolor</span> <span class='ocrx_word' id='word_1_66' title='bbox 1037 902 1230 956; x_wconf 77' lang='lat' dir='ltr'>superet,</span> <span class='ocrx_word' id='word_1_67' title='bbox 1282 901 1394 956; x_wconf 90' lang='lat' dir='ltr'>quod</span> <span class='ocrx_word' id='word_1_68' title='bbox 1431 915 1510 956; x_wconf 86' lang='lat' dir='ltr'>ego</span> <span class='ocrx_word' id='word_1_69' title='bbox 1547 903 1591 942; x_wconf 90' lang='lat' dir='ltr'>te</span> <span class='ocrx_word' id='word_1_70' title='bbox 1628 903 1752 943; x_wconf 87' lang='lat' dir='ltr'>tanto</span> 
     </span>
     <span class='ocr_line' id='line_1_10' title="bbox 220 969 1753 1027; baseline -0.002 -14"><span class='ocrx_word' id='word_1_71' title='bbox 220 974 318 1027; x_wconf 89' lang='lat' dir='ltr'>post</span> <span class='ocrx_word' id='word_1_72' title='bbox 345 970 572 1013; x_wconf 88' lang='lat' dir='ltr'>intervallo</span> <span class='ocrx_word' id='word_1_73' title='bbox 602 984 683 1012; x_wconf 91' lang='lat' dir='ltr'>nec</span> <span class='ocrx_word' id='word_1_74' title='bbox 715 970 958 1025; x_wconf 88' lang='lat' dir='ltr'>complexus</span> <span class='ocrx_word' id='word_1_75' title='bbox 996 983 1134 1025; x_wconf 89' lang='lat' dir='ltr'>neque</span> <span class='ocrx_word' id='word_1_76' title='bbox 1165 969 1334 1010; x_wconf 85' lang='lat' dir='ltr'>adfatus</span> <span class='ocrx_word' id='word_1_77' title='bbox 1365 969 1466 1023; x_wconf 84' lang='lat' dir='ltr'>sim,</span> <span class='ocrx_word' id='word_1_78' title='bbox 1508 983 1604 1010; x_wconf 93' lang='lat' dir='ltr'>cum</span> <span class='ocrx_word' id='word_1_79' title='bbox 1634 971 1677 1010; x_wconf 91' lang='lat' dir='ltr'>et</span> <span class='ocrx_word' id='word_1_80' title='bbox 1705 969 1753 1011; x_wconf 88' lang='lat' dir='ltr'>in</span> 
     </span>
     <span class='ocr_line' id='line_1_11' title="bbox 219 1036 1753 1094; baseline -0.002 -13"><span class='ocrx_word' id='word_1_81' title='bbox 219 1040 430 1094; x_wconf 86' lang='lat' dir='ltr'>palatium</span> <span class='ocrx_word' id='word_1_82' title='bbox 460 1039 626 1080; x_wconf 88' lang='lat' dir='ltr'>veneris</span> <span class='ocrx_word' id='word_1_83' title='bbox 658 1040 701 1079; x_wconf 92' lang='lat' dir='ltr'>et</span> <span class='ocrx_word' id='word_1_84' title='bbox 730 1039 958 1092; x_wconf 85' lang='lat' dir='ltr'>postquam</span> <span class='ocrx_word' id='word_1_85' title='bbox 999 1051 1078 1092; x_wconf 81' lang='lat' dir='ltr'>ego</span> <span class='ocrx_word' id='word_1_86' title='bbox 1110 1052 1134 1078; x_wconf 91' lang='lat' dir='ltr'>a</span> <span class='ocrx_word' id='word_1_87' title='bbox 1163 1036 1348 1079; x_wconf 90' lang='lat' dir='ltr'>Domino</span> <span class='ocrx_word' id='word_1_88' title='bbox 1378 1050 1471 1078; x_wconf 90' lang='lat' dir='ltr'>meo</span> <span class='ocrx_word' id='word_1_89' title='bbox 1500 1036 1635 1078; x_wconf 86' lang='lat' dir='ltr'>fratre</span> <span class='ocrx_word' id='word_1_90' title='bbox 1664 1037 1753 1078; x_wconf 87' lang='lat' dir='ltr'>vix-</span> 
     </span>
     <span class='ocr_line' id='line_1_12' title="bbox 219 1104 1751 1160; baseline -0.003 -11"><span class='ocrx_word' id='word_1_91' title='bbox 219 1108 319 1149; x_wconf 87' lang='lat' dir='ltr'>dum</span> <span class='ocrx_word' id='word_1_92' title='bbox 341 1107 630 1148; x_wconf 84' lang='lat' dir='ltr'>discesseram.</span> <span class='ocrx_word' id='word_1_93' title='bbox 680 1105 891 1160; x_wconf 86' lang='lat' dir='ltr'>Equidem</span> <span class='ocrx_word' id='word_1_94' title='bbox 920 1105 1103 1146; x_wconf 87' lang='lat' dir='ltr'>multum</span> <span class='ocrx_word' id='word_1_95' title='bbox 1132 1105 1312 1146; x_wconf 86' lang='lat' dir='ltr'>fratrem</span> <span class='ocrx_word' id='word_1_96' title='bbox 1342 1118 1485 1146; x_wconf 89' lang='lat' dir='ltr'>meum</span> <span class='ocrx_word' id='word_1_97' title='bbox 1514 1104 1751 1160; x_wconf 80' lang='lat' dir='ltr'>obiurgavi,</span> 
     </span>
     <span class='ocr_line' id='line_1_13' title="bbox 220 1173 1752 1228; baseline -0.003 -11"><span class='ocrx_word' id='word_1_98' title='bbox 220 1180 294 1217; x_wconf 90' lang='lat' dir='ltr'>cur</span> <span class='ocrx_word' id='word_1_99' title='bbox 330 1189 398 1223; x_wconf 88' lang='lat' dir='ltr'>me</span> <span class='ocrx_word' id='word_1_100' title='bbox 435 1189 523 1216; x_wconf 87' lang='lat' dir='ltr'>non</span> <span class='ocrx_word' id='word_1_101' title='bbox 560 1173 820 1216; x_wconf 85' lang='lat' dir='ltr'>revocavit5:</span> <span class='ocrx_word' id='word_1_102' title='bbox 870 1188 1009 1228; x_wconf 90' lang='lat' dir='ltr'>neque</span> <span class='ocrx_word' id='word_1_103' title='bbox 1060 1173 1230 1227; x_wconf 88' lang='lat' dir='ltr'>culpam</span> <span class='ocrx_word' id='word_1_104' title='bbox 1277 1173 1463 1214; x_wconf 85' lang='lat' dir='ltr'>abnuere</span> <span class='ocrx_word' id='word_1_105' title='bbox 1509 1186 1636 1214; x_wconf 87' lang='lat' dir='ltr'>ausus</span> <span class='ocrx_word' id='word_1_106' title='bbox 1675 1174 1752 1214; x_wconf 91' lang='lat' dir='ltr'>est.</span> 
     </span>
     <span class='ocr_line' id='line_1_14' title="bbox 220 1240 1755 1297; baseline -0.003 -13"><span class='ocrx_word' id='word_1_107' title='bbox 220 1243 437 1292; x_wconf 77' lang='lat' dir='ltr'>Quantum</span> <span class='ocrx_word' id='word_1_108' title='bbox 445 1276 455 1297; x_wconf 68' lang='lat'><em>7</em></span> <span class='ocrx_word' id='word_1_109' title='bbox 498 1256 571 1283; x_wconf 93' lang='lat' dir='ltr'>oro</span> <span class='ocrx_word' id='word_1_110' title='bbox 607 1244 671 1296; x_wconf 75' lang='lat' dir='ltr'>te,</span> <span class='ocrx_word' id='word_1_111' title='bbox 710 1241 796 1282; x_wconf 87' lang='lat' dir='ltr'>fuit</span> <span class='ocrx_word' id='word_1_112' title='bbox 835 1243 934 1283; x_wconf 91' lang='lat' dir='ltr'>ante</span> <span class='ocrx_word' id='word_1_113' title='bbox 973 1240 1080 1282; x_wconf 87' lang='lat' dir='ltr'>mihi</span> <span class='ocrx_word' id='word_1_114' title='bbox 1111 1240 1376 1296; x_wconf 79' lang='lat' dir='ltr'>significare,</span> <span class='ocrx_word' id='word_1_115' title='bbox 1410 1242 1453 1281; x_wconf 86' lang='lat' dir='ltr'>te</span> <span class='ocrx_word' id='word_1_116' title='bbox 1492 1240 1546 1281; x_wconf 88' lang='lat' dir='ltr'>ad</span> <span class='ocrx_word' id='word_1_117' title='bbox 1575 1240 1755 1283; x_wconf 84' lang='lat' dir='ltr'>fratrem</span> 
     </span>
     <span class='ocr_line' id='line_1_15' title="bbox 219 1307 1754 1364; baseline -0.003 -11"><span class='ocrx_word' id='word_1_118' title='bbox 219 1325 361 1352; x_wconf 89' lang='lat' dir='ltr'>meum</span> <span class='ocrx_word' id='word_1_119' title='bbox 391 1309 625 1352; x_wconf 68' lang='lat' dir='ltr'>venturumss</span> <span class='ocrx_word' id='word_1_120' title='bbox 656 1323 760 1363; x_wconf 81' lang='lat' dir='ltr'>esse,</span> <span class='ocrx_word' id='word_1_121' title='bbox 793 1309 901 1351; x_wconf 88' lang='lat' dir='ltr'>velle</span> <span class='ocrx_word' id='word_1_122' title='bbox 922 1323 989 1350; x_wconf 87' lang='lat' dir='ltr'>me</span> <span class='ocrx_word' id='word_1_123' title='bbox 1010 1323 1176 1364; x_wconf 89' lang='lat' dir='ltr'>quoque</span> <span class='ocrx_word' id='word_1_124' title='bbox 1196 1309 1347 1362; x_wconf 79' lang='lat' dir='ltr'>visere⁷</span> <span class='ocrx_word' id='word_1_125' title='bbox 1379 1309 1596 1362; x_wconf 84' lang='lat' dir='ltr'>postremo</span> <span class='ocrx_word' id='word_1_126' title='bbox 1617 1307 1754 1348; x_wconf 91' lang='lat' dir='ltr'>redire</span> 
     </span>
     <span class='ocr_line' id='line_1_16' title="bbox 219 1375 1755 1433; baseline -0.003 -13"><span class='ocrx_word' id='word_1_127' title='bbox 219 1393 288 1420; x_wconf 90' lang='lat' dir='ltr'>me</span> <span class='ocrx_word' id='word_1_128' title='bbox 318 1378 480 1433; x_wconf 83' lang='lat' dir='ltr'>iubere,</span> <span class='ocrx_word' id='word_1_129' title='bbox 514 1378 578 1419; x_wconf 91' lang='lat' dir='ltr'>uti</span> <span class='ocrx_word' id='word_1_130' title='bbox 610 1376 1014 1419; x_wconf 82' lang='lat' dir='ltr'>confabularemur?</span> <span class='ocrx_word' id='word_1_131' title='bbox 1064 1376 1175 1426; x_wconf 79' lang='lat' dir='ltr'>Quid</span> <span class='ocrx_word' id='word_1_132' title='bbox 1205 1376 1334 1430; x_wconf 77' lang='lat' dir='ltr'>enim,</span> <span class='ocrx_word' id='word_1_133' title='bbox 1367 1376 1403 1417; x_wconf 90' lang='lat' dir='ltr'>si</span> <span class='ocrx_word' id='word_1_134' title='bbox 1432 1390 1500 1417; x_wconf 90' lang='lat' dir='ltr'>me</span> <span class='ocrx_word' id='word_1_135' title='bbox 1529 1375 1655 1417; x_wconf 90' lang='lat' dir='ltr'>hodie</span> <span class='ocrx_word' id='word_1_136' title='bbox 1685 1375 1755 1416; x_wconf 89' lang='lat' dir='ltr'>do-</span> 
     </span>
     <span class='ocr_line' id='line_1_17' title="bbox 220 1442 1757 1499; baseline -0.002 -12"><span class='ocrx_word' id='word_1_137' title='bbox 220 1461 337 1487; x_wconf 89' lang='lat' dir='ltr'>mum</span> <span class='ocrx_word' id='word_1_138' title='bbox 368 1460 571 1499; x_wconf 82' lang='lat' dir='ltr'>arcessas,</span> <span class='ocrx_word' id='word_1_139' title='bbox 604 1459 748 1486; x_wconf 91' lang='lat' dir='ltr'>nonne</span> <span class='ocrx_word' id='word_1_140' title='bbox 778 1445 975 1487; x_wconf 87' lang='lat' dir='ltr'>omnibus</span> <span class='ocrx_word' id='word_1_141' title='bbox 1006 1444 1172 1486; x_wconf 88' lang='lat' dir='ltr'>omissis</span> <span class='ocrx_word' id='word_1_142' title='bbox 1202 1443 1355 1485; x_wconf 88' lang='lat' dir='ltr'>lubens</span> <span class='ocrx_word' id='word_1_143' title='bbox 1387 1442 1586 1485; x_wconf 77' lang='lat' dir='ltr'>curram?</span> <span class='ocrx_word' id='word_1_144' title='bbox 1621 1443 1652 1499; x_wconf 75' lang='lat'>1⁷</span> <span class='ocrx_word' id='word_1_145' title='bbox 1683 1442 1757 1497; x_wconf 90' lang='lat' dir='ltr'>qui</span> 
     </span>
     <span class='ocr_line' id='line_1_18' title="bbox 222 1511 1755 1569; baseline -0.003 -14"><span class='ocrx_word' id='word_1_146' title='bbox 222 1514 393 1569; x_wconf 88' lang='lat' dir='ltr'>quidem</span> <span class='ocrx_word' id='word_1_147' title='bbox 424 1513 658 1568; x_wconf 83' lang='lat' dir='ltr'>aegerrime</span> <span class='ocrx_word' id='word_1_148' title='bbox 689 1513 876 1567; x_wconf 81' lang='lat' dir='ltr'>tulerim,</span> <span class='ocrx_word' id='word_1_149' title='bbox 910 1512 1022 1567; x_wconf 88' lang='lat' dir='ltr'>quod</span> <span class='ocrx_word' id='word_1_150' title='bbox 1051 1526 1141 1553; x_wconf 92' lang='lat' dir='ltr'>non</span> <span class='ocrx_word' id='word_1_151' title='bbox 1172 1511 1326 1553; x_wconf 89' lang='lat' dir='ltr'>cotidie</span> <span class='ocrx_word' id='word_1_152' title='bbox 1358 1511 1411 1552; x_wconf 90' lang='lat' dir='ltr'>ad</span> <span class='ocrx_word' id='word_1_153' title='bbox 1438 1513 1481 1552; x_wconf 88' lang='lat' dir='ltr'>te</span> <span class='ocrx_word' id='word_1_154' title='bbox 1504 1524 1755 1552; x_wconf 88' lang='lat' dir='ltr'>commeem:</span> 
     </span>
     <span class='ocr_line' id='line_1_19' title="bbox 222 1577 1756 1637; baseline -0.002 -14"><span class='ocrx_word' id='word_1_155' title='bbox 222 1582 328 1637; x_wconf 87' lang='lat' dir='ltr'>quin</span> <span class='ocrx_word' id='word_1_156' title='bbox 358 1577 660 1637; x_wconf 84' lang='lat' dir='ltr'>gravissimum</span> <span class='ocrx_word' id='word_1_157' title='bbox 691 1580 890 1622; x_wconf 87' lang='lat' dir='ltr'>stationis</span> <span class='ocrx_word' id='word_1_158' title='bbox 920 1581 1093 1621; x_wconf 87' lang='lat' dir='ltr'>nostrae</span> <span class='ocrx_word' id='word_1_159' title='bbox 1122 1579 1166 1620; x_wconf 92' lang='lat' dir='ltr'>id</span> <span class='ocrx_word' id='word_1_160' title='bbox 1197 1593 1288 1620; x_wconf 92' lang='lat' dir='ltr'>esse</span> <span class='ocrx_word' id='word_1_161' title='bbox 1319 1578 1514 1632; x_wconf 84' lang='lat' dir='ltr'>arbitrer,</span> <span class='ocrx_word' id='word_1_162' title='bbox 1547 1578 1659 1633; x_wconf 91' lang='lat' dir='ltr'>quod</span> <span class='ocrx_word' id='word_1_163' title='bbox 1687 1593 1756 1620; x_wconf 83' lang='lat' dir='ltr'>ve—</span> 
     </span>
    </p>
   </div>
   <div class='ocr_carea' id='block_1_5' title="bbox 222 1645 1760 1843">
    <p class='ocr_par' dir='ltr' id='par_1_5' title="bbox 222 1645 1760 1843">
     <span class='ocr_line' id='line_1_20' title="bbox 222 1645 1758 1691; baseline -0.002 0"><span class='ocrx_word' id='word_1_164' title='bbox 222 1649 369 1691; x_wconf 91' lang='lat' dir='ltr'>niendi</span> <span class='ocrx_word' id='word_1_165' title='bbox 408 1649 461 1690; x_wconf 86' lang='lat' dir='ltr'>ad</span> <span class='ocrx_word' id='word_1_166' title='bbox 496 1651 539 1690; x_wconf 88' lang='lat' dir='ltr'>te</span> <span class='ocrx_word' id='word_1_167' title='bbox 578 1648 707 1690; x_wconf 69' lang='lat' dir='ltr'>ade08</span> <span class='ocrx_word' id='word_1_168' title='bbox 730 1676 755 1690; x_wconf 73' lang='lat'><em>„</em></span> <span class='ocrx_word' id='word_1_169' title='bbox 791 1681 798 1690; x_wconf 90' lang='lat'>.</span> <span class='ocrx_word' id='word_1_170' title='bbox 840 1647 953 1689; x_wconf 92' lang='lat' dir='ltr'>solus</span> <span class='ocrx_word' id='word_1_171' title='bbox 986 1681 994 1688; x_wconf 92' lang='lat'>.</span> <span class='ocrx_word' id='word_1_172' title='bbox 1029 1681 1036 1688; x_wconf 94' lang='lat'>.</span> <span class='ocrx_word' id='word_1_173' title='bbox 1073 1680 1081 1688; x_wconf 91' lang='lat'>.</span> <span class='ocrx_word' id='word_1_174' title='bbox 1121 1647 1174 1688; x_wconf 89' lang='lat' dir='ltr'>ad</span> <span class='ocrx_word' id='word_1_175' title='bbox 1210 1649 1254 1688; x_wconf 90' lang='lat' dir='ltr'>te</span> <span class='ocrx_word' id='word_1_176' title='bbox 1295 1646 1561 1689; x_wconf 84' lang='lat' dir='ltr'>currissem.⁹</span> <span class='ocrx_word' id='word_1_177' title='bbox 1630 1645 1758 1688; x_wconf 90' lang='lat' dir='ltr'>Nunc</span> 
     </span>
     <span class='ocr_line' id='line_1_21' title="bbox 223 1715 1760 1770; baseline -0.002 -12"><span class='ocrx_word' id='word_1_178' title='bbox 223 1731 296 1759; x_wconf 93' lang='lat' dir='ltr'>oro</span> <span class='ocrx_word' id='word_1_179' title='bbox 333 1716 487 1758; x_wconf 87' lang='lat' dir='ltr'>saltem</span> <span class='ocrx_word' id='word_1_180' title='bbox 526 1716 626 1757; x_wconf 91' lang='lat' dir='ltr'>dum</span> <span class='ocrx_word' id='word_1_181' title='bbox 663 1716 722 1757; x_wconf 89' lang='lat' dir='ltr'>mi</span> <span class='ocrx_word' id='word_1_182' title='bbox 756 1750 763 1758; x_wconf 91' lang='lat'>.</span> <span class='ocrx_word' id='word_1_183' title='bbox 799 1750 807 1757; x_wconf 93' lang='lat'>.</span> <span class='ocrx_word' id='word_1_184' title='bbox 849 1717 973 1757; x_wconf 88' lang='lat' dir='ltr'>conte</span> <span class='ocrx_word' id='word_1_185' title='bbox 1007 1749 1014 1756; x_wconf 93' lang='lat'>.</span> <span class='ocrx_word' id='word_1_186' title='bbox 1050 1748 1058 1756; x_wconf 91' lang='lat'>.</span> <span class='ocrx_word' id='word_1_187' title='bbox 1098 1729 1227 1770; x_wconf 91' lang='lat' dir='ltr'>quom</span> <span class='ocrx_word' id='word_1_188' title='bbox 1259 1748 1267 1756; x_wconf 94' lang='lat'>.</span> <span class='ocrx_word' id='word_1_189' title='bbox 1302 1748 1310 1756; x_wconf 90' lang='lat'>.</span> <span class='ocrx_word' id='word_1_190' title='bbox 1349 1716 1442 1756; x_wconf 86' lang='lat' dir='ltr'>tum</span> <span class='ocrx_word' id='word_1_191' title='bbox 1483 1748 1490 1756; x_wconf 94' lang='lat'>.</span> <span class='ocrx_word' id='word_1_192' title='bbox 1525 1747 1533 1756; x_wconf 89' lang='lat'>.</span> <span class='ocrx_word' id='word_1_193' title='bbox 1588 1715 1760 1755; x_wconf 85' lang='lat' dir='ltr'>tument</span> 
     </span>
     <span class='ocr_line' id='line_1_22' title="bbox 223 1781 1758 1843; baseline -0.002 -17"><span class='ocrx_word' id='word_1_194' title='bbox 223 1785 327 1840; x_wconf 91' lang='lat' dir='ltr'>quin</span> <span class='ocrx_word' id='word_1_195' title='bbox 358 1786 406 1825; x_wconf 66' lang='lat' dir='ltr'>te</span> <span class='ocrx_word' id='word_1_196' title='bbox 440 1818 447 1825; x_wconf 96' lang='lat'>.</span> <span class='ocrx_word' id='word_1_197' title='bbox 483 1818 491 1826; x_wconf 87' lang='lat'>.</span> <span class='ocrx_word' id='word_1_198' title='bbox 534 1786 653 1826; x_wconf 89' lang='lat' dir='ltr'>exter</span> <span class='ocrx_word' id='word_1_199' title='bbox 685 1818 693 1825; x_wconf 92' lang='lat'>.</span> <span class='ocrx_word' id='word_1_200' title='bbox 729 1818 736 1825; x_wconf 99' lang='lat'>.</span> <span class='ocrx_word' id='word_1_201' title='bbox 769 1784 822 1825; x_wconf 90' lang='lat' dir='ltr'>lis</span> <span class='ocrx_word' id='word_1_202' title='bbox 854 1784 1087 1838; x_wconf 87' lang='lat' dir='ltr'>expectem.</span> <span class='ocrx_word' id='word_1_203' title='bbox 1147 1782 1256 1825; x_wconf 84' lang='lat' dir='ltr'>Vale</span> <span class='ocrx_word' id='word_1_204' title='bbox 1294 1783 1353 1824; x_wconf 91' lang='lat' dir='ltr'>mi</span> <span class='ocrx_word' id='word_1_205' title='bbox 1382 1782 1610 1843; x_wconf 81' lang='lat' dir='ltr'>magister,</span> <span class='ocrx_word' id='word_1_206' title='bbox 1643 1781 1758 1824; x_wconf 90' lang='lat' dir='ltr'>Vero</span> 
     </span>
    </p>
   </div>
   <div class='ocr_carea' id='block_1_6' title="bbox 222 1851 967 1894">
    <p class='ocr_par' dir='ltr' id='par_1_6' title="bbox 222 1851 967 1894">
     <span class='ocr_line' id='line_1_23' title="bbox 222 1851 967 1894; baseline -0.001 0"><span class='ocrx_word' id='word_1_207' title='bbox 222 1855 297 1894; x_wconf 88' lang='lat' dir='ltr'>tuo</span> <span class='ocrx_word' id='word_1_208' title='bbox 329 1851 544 1894; x_wconf 86' lang='lat' dir='ltr'>carissime</span> <span class='ocrx_word' id='word_1_209' title='bbox 575 1854 619 1893; x_wconf 94' lang='lat' dir='ltr'>et</span> <span class='ocrx_word' id='word_1_210' title='bbox 647 1851 967 1893; x_wconf 86' lang='lat' dir='ltr'>humanissime.</span> 
     </span>
    </p>
   </div>
   <div class='ocr_carea' id='block_1_7' title="bbox 228 1969 497 1974">
    <p class='ocr_par' dir='ltr' id='par_1_7' title="bbox 228 1969 497 1974">
     <span class='ocr_line' id='line_1_24' title="bbox 228 1969 497 1974; baseline 0 0"><span class='ocrx_word' id='word_1_211' title='bbox 228 1969 497 1974; x_wconf 95' lang='lat' dir='ltr'> </span> 
     </span>
    </p>
   </div>
   <div class='ocr_carea' id='block_1_8' title="bbox 225 2030 1762 2925">
    <p class='ocr_par' dir='ltr' id='par_1_8' title="bbox 225 2030 1760 2190">
     <span class='ocr_line' id='line_1_25' title="bbox 341 2030 1760 2077; baseline -0.001 -9"><span class='ocrx_word' id='word_1_212' title='bbox 341 2037 358 2068; x_wconf 90' lang='lat'>1</span> <span class='ocrx_word' id='word_1_213' title='bbox 384 2032 502 2075; x_wconf 81' lang='lat' dir='ltr'>Quem</span> <span class='ocrx_word' id='word_1_214' title='bbox 531 2032 648 2067; x_wconf 88' lang='lat' dir='ltr'>Verus</span> <span class='ocrx_word' id='word_1_215' title='bbox 680 2043 699 2067; x_wconf 94' lang='lat' dir='ltr'>e</span> <span class='ocrx_word' id='word_1_216' title='bbox 731 2031 838 2077; x_wconf 79' lang='lat' dir='ltr'>Syria</span> <span class='ocrx_word' id='word_1_217' title='bbox 862 2031 1027 2067; x_wconf 86' lang='lat' dir='ltr'>adduxit.</span> <span class='ocrx_word' id='word_1_218' title='bbox 1074 2032 1206 2076; x_wconf 87' lang='lat' dir='ltr'>Itaque</span> <span class='ocrx_word' id='word_1_219' title='bbox 1230 2031 1324 2067; x_wconf 88' lang='lat' dir='ltr'>haec</span> <span class='ocrx_word' id='word_1_220' title='bbox 1349 2030 1507 2077; x_wconf 87' lang='lat' dir='ltr'>epistula</span> <span class='ocrx_word' id='word_1_221' title='bbox 1538 2031 1679 2077; x_wconf 87' lang='lat' dir='ltr'>scripta</span> <span class='ocrx_word' id='word_1_222' title='bbox 1704 2033 1760 2067; x_wconf 86' lang='lat' dir='ltr'>est</span> 
     </span>
     <span class='ocr_line' id='line_1_26' title="bbox 225 2087 1756 2135; baseline -0.001 -11"><span class='ocrx_word' id='word_1_223' title='bbox 225 2090 312 2135; x_wconf 88' lang='lat' dir='ltr'>post</span> <span class='ocrx_word' id='word_1_224' title='bbox 326 2089 466 2124; x_wconf 89' lang='lat' dir='ltr'>bellum</span> <span class='ocrx_word' id='word_1_225' title='bbox 488 2088 713 2123; x_wconf 85' lang='lat' dir='ltr'>Parthicum.</span> <span class='ocrx_word' id='word_1_226' title='bbox 741 2087 896 2132; x_wconf 85' lang='lat' dir='ltr'>Capitol.</span> <span class='ocrx_word' id='word_1_227' title='bbox 915 2088 954 2122; x_wconf 90' lang='lat' dir='ltr'>in</span> <span class='ocrx_word' id='word_1_228' title='bbox 969 2087 1068 2122; x_wconf 92' lang='lat' dir='ltr'>Vero</span> <span class='ocrx_word' id='word_1_229' title='bbox 1088 2099 1116 2123; x_wconf 91' lang='lat' dir='ltr'>c.</span> <span class='ocrx_word' id='word_1_230' title='bbox 1136 2092 1167 2123; x_wconf 89' lang='lat'>8.</span> <span class='ocrx_word' id='word_1_231' title='bbox 1194 2087 1364 2133; x_wconf 87' lang='lat' dir='ltr'>Inscript.</span> <span class='ocrx_word' id='word_1_232' title='bbox 1385 2088 1485 2133; x_wconf 91' lang='lat' dir='ltr'>apud</span> <span class='ocrx_word' id='word_1_233' title='bbox 1503 2087 1607 2123; x_wconf 81' lang='lat' dir='ltr'>Grut.</span> <span class='ocrx_word' id='word_1_234' title='bbox 1627 2093 1704 2124; x_wconf 86' lang='lat'>313.</span> <span class='ocrx_word' id='word_1_235' title='bbox 1724 2092 1756 2123; x_wconf 89' lang='lat'>8.</span> 
     </span>
     <span class='ocr_line' id='line_1_27' title="bbox 226 2143 1191 2190; baseline -0.002 -9"><span class='ocrx_word' id='word_1_236' title='bbox 226 2149 353 2181; x_wconf 80' lang='lat' dir='ltr'>Maius.</span> <span class='ocrx_word' id='word_1_237' title='bbox 398 2144 470 2180; x_wconf 88' lang='lat' dir='ltr'>vid.</span> <span class='ocrx_word' id='word_1_238' title='bbox 499 2156 645 2190; x_wconf 86' lang='lat' dir='ltr'>quoque</span> <span class='ocrx_word' id='word_1_239' title='bbox 669 2145 858 2190; x_wconf 89' lang='lat' dir='ltr'>Lamprid.</span> <span class='ocrx_word' id='word_1_240' title='bbox 885 2143 1075 2180; x_wconf 85' lang='lat' dir='ltr'>Commod.</span> <span class='ocrx_word' id='word_1_241' title='bbox 1104 2155 1133 2179; x_wconf 87' lang='lat' dir='ltr'>c.</span> <span class='ocrx_word' id='word_1_242' title='bbox 1160 2148 1191 2179; x_wconf 86' lang='lat'>7.</span> 
     </span>
    </p>

    <p class='ocr_par' dir='ltr' id='par_1_9' title="bbox 341 2201 637 2237">
     <span class='ocr_line' id='line_1_28' title="bbox 341 2201 637 2237; baseline -0.003 0"><span class='ocrx_word' id='word_1_243' title='bbox 341 2207 361 2237; x_wconf 82' lang='lat'>2</span> <span class='ocrx_word' id='word_1_244' title='bbox 387 2201 527 2237; x_wconf 85' lang='lat' dir='ltr'>Codex:</span> <span class='ocrx_word' id='word_1_245' title='bbox 553 2206 637 2237; x_wconf 85' lang='lat' dir='ltr'>loco.</span> 
     </span>
    </p>

    <p class='ocr_par' dir='ltr' id='par_1_10' title="bbox 341 2256 954 2294">
     <span class='ocr_line' id='line_1_29' title="bbox 341 2256 954 2294; baseline -0.003 0"><span class='ocrx_word' id='word_1_246' title='bbox 341 2263 361 2294; x_wconf 90' lang='lat'>3</span> <span class='ocrx_word' id='word_1_247' title='bbox 387 2258 466 2294; x_wconf 89' lang='lat' dir='ltr'>Om.</span> <span class='ocrx_word' id='word_1_248' title='bbox 493 2258 621 2293; x_wconf 71' lang='lat' dir='ltr'>Maius</span> <span class='ocrx_word' id='word_1_249' title='bbox 670 2257 795 2293; x_wconf 86' lang='lat' dir='ltr'>Habet</span> <span class='ocrx_word' id='word_1_250' title='bbox 821 2256 954 2293; x_wconf 84' lang='lat' dir='ltr'>Codex.</span> 
     </span>
    </p>

    <p class='ocr_par' dir='ltr' id='par_1_11' title="bbox 342 2314 623 2350">
     <span class='ocr_line' id='line_1_30' title="bbox 342 2314 623 2350; baseline -0.007 0"><span class='ocrx_word' id='word_1_251' title='bbox 342 2319 364 2350; x_wconf 75' lang='lat'>4</span> <span class='ocrx_word' id='word_1_252' title='bbox 389 2315 468 2350; x_wconf 91' lang='lat' dir='ltr'>Om.</span> <span class='ocrx_word' id='word_1_253' title='bbox 493 2314 623 2350; x_wconf 83' lang='lat' dir='ltr'>Maius.</span> 
     </span>
    </p>

    <p class='ocr_par' dir='ltr' id='par_1_12' title="bbox 342 2371 974 2415">
     <span class='ocr_line' id='line_1_31' title="bbox 342 2371 974 2415; baseline 0 -8"><span class='ocrx_word' id='word_1_254' title='bbox 342 2376 362 2407; x_wconf 86' lang='lat'>5</span> <span class='ocrx_word' id='word_1_255' title='bbox 387 2371 488 2407; x_wconf 84' lang='lat' dir='ltr'>Corr.</span> <span class='ocrx_word' id='word_1_256' title='bbox 514 2374 695 2407; x_wconf 79' lang='lat' dir='ltr'>revocarit.</span> <span class='ocrx_word' id='word_1_257' title='bbox 738 2373 974 2415; x_wconf 76' lang='lat' dir='ltr'>Heindorfi&#39;us.</span> 
     </span>
    </p>

    <p class='ocr_par' dir='ltr' id='par_1_13' title="bbox 229 2426 1758 2530">
     <span class='ocr_line' id='line_1_32' title="bbox 342 2426 1758 2474; baseline 0.001 -11"><span class='ocrx_word' id='word_1_258' title='bbox 342 2432 362 2463; x_wconf 82' lang='lat'>6</span> <span class='ocrx_word' id='word_1_259' title='bbox 387 2427 494 2470; x_wconf 77' lang='lat' dir='ltr'>Quod</span> <span class='ocrx_word' id='word_1_260' title='bbox 516 2427 639 2473; x_wconf 87' lang='lat' dir='ltr'>periit,</span> <span class='ocrx_word' id='word_1_261' title='bbox 664 2427 888 2462; x_wconf 86' lang='lat' dir='ltr'>vocabulum</span> <span class='ocrx_word' id='word_1_262' title='bbox 912 2428 1055 2472; x_wconf 87' lang='lat' dir='ltr'>septem</span> <span class='ocrx_word' id='word_1_263' title='bbox 1079 2427 1138 2462; x_wconf 88' lang='lat' dir='ltr'>vel</span> <span class='ocrx_word' id='word_1_264' title='bbox 1163 2428 1247 2462; x_wconf 92' lang='lat' dir='ltr'>octo</span> <span class='ocrx_word' id='word_1_265' title='bbox 1263 2426 1484 2472; x_wconf 87' lang='lat' dir='ltr'>litterarum,</span> <span class='ocrx_word' id='word_1_266' title='bbox 1509 2427 1563 2464; x_wconf 86' lang='lat' dir='ltr'>ita</span> <span class='ocrx_word' id='word_1_267' title='bbox 1580 2427 1758 2474; x_wconf 86' lang='lat' dir='ltr'>supplevi.</span> 
     </span>
     <span class='ocr_line' id='line_1_33' title="bbox 229 2484 1154 2530; baseline -0.002 -10"><span class='ocrx_word' id='word_1_268' title='bbox 229 2485 276 2520; x_wconf 87' lang='lat' dir='ltr'>Et</span> <span class='ocrx_word' id='word_1_269' title='bbox 300 2484 407 2520; x_wconf 89' lang='lat' dir='ltr'>video</span> <span class='ocrx_word' id='word_1_270' title='bbox 433 2484 667 2530; x_wconf 82' lang='lat' dir='ltr'>Schopenum</span> <span class='ocrx_word' id='word_1_271' title='bbox 693 2494 839 2529; x_wconf 86' lang='lat' dir='ltr'>quoque</span> <span class='ocrx_word' id='word_1_272' title='bbox 862 2484 918 2519; x_wconf 86' lang='lat' dir='ltr'>ita</span> <span class='ocrx_word' id='word_1_273' title='bbox 942 2484 1154 2519; x_wconf 87' lang='lat' dir='ltr'>correxisse.</span> 
     </span>
    </p>

    <p class='ocr_par' dir='ltr' id='par_1_14' title="bbox 230 2540 1762 2633">
     <span class='ocr_line' id='line_1_34' title="bbox 344 2540 1762 2587; baseline 0.001 -11"><span class='ocrx_word' id='word_1_274' title='bbox 344 2546 363 2577; x_wconf 81' lang='lat'><strong>7</strong></span> <span class='ocrx_word' id='word_1_275' title='bbox 387 2541 523 2587; x_wconf 81' lang='lat' dir='ltr'>Incipit</span> <span class='ocrx_word' id='word_1_276' title='bbox 540 2540 627 2576; x_wconf 85' lang='lat' dir='ltr'>Cocl.</span> <span class='ocrx_word' id='word_1_277' title='bbox 646 2540 816 2576; x_wconf 88' lang='lat' dir='ltr'>Ambros.</span> <span class='ocrx_word' id='word_1_278' title='bbox 835 2553 872 2586; x_wconf 86' lang='lat' dir='ltr'>p.</span> <span class='ocrx_word' id='word_1_279' title='bbox 886 2545 954 2576; x_wconf 80' lang='lat'>425</span> <span class='ocrx_word' id='word_1_280' title='bbox 981 2540 1256 2584; x_wconf 79' lang='lat' dir='ltr'>obscurissima3</span> <span class='ocrx_word' id='word_1_281' title='bbox 1280 2540 1341 2576; x_wconf 85' lang='lat' dir='ltr'>vix</span> <span class='ocrx_word' id='word_1_282' title='bbox 1364 2540 1539 2586; x_wconf 84' lang='lat' dir='ltr'>leguntur</span> <span class='ocrx_word' id='word_1_283' title='bbox 1563 2553 1628 2577; x_wconf 87' lang='lat' dir='ltr'>sex</span> <span class='ocrx_word' id='word_1_284' title='bbox 1650 2541 1762 2587; x_wconf 89' lang='lat' dir='ltr'>primi</span> 
     </span>
     <span class='ocr_line' id='line_1_35' title="bbox 230 2609 366 2633; baseline -0.007 0"><span class='ocrx_word' id='word_1_285' title='bbox 230 2609 366 2633; x_wconf 87' lang='lat' dir='ltr'>versus.</span> 
     </span>
    </p>

    <p class='ocr_par' dir='ltr' id='par_1_15' title="bbox 344 2653 1757 2699">
     <span class='ocr_line' id='line_1_36' title="bbox 344 2653 1757 2699; baseline 0.001 -11"><span class='ocrx_word' id='word_1_286' title='bbox 344 2657 364 2688; x_wconf 81' lang='lat'>8</span> <span class='ocrx_word' id='word_1_287' title='bbox 389 2654 431 2688; x_wconf 87' lang='lat' dir='ltr'>In</span> <span class='ocrx_word' id='word_1_288' title='bbox 454 2653 693 2699; x_wconf 85' lang='lat' dir='ltr'>sequentibus</span> <span class='ocrx_word' id='word_1_289' title='bbox 716 2653 856 2689; x_wconf 89' lang='lat' dir='ltr'>lacunis</span> <span class='ocrx_word' id='word_1_290' title='bbox 879 2653 992 2699; x_wconf 89' lang='lat' dir='ltr'>periit</span> <span class='ocrx_word' id='word_1_291' title='bbox 1014 2664 1133 2699; x_wconf 86' lang='lat' dir='ltr'>prope</span> <span class='ocrx_word' id='word_1_292' title='bbox 1149 2653 1339 2699; x_wconf 87' lang='lat' dir='ltr'>integrum</span> <span class='ocrx_word' id='word_1_293' title='bbox 1362 2654 1593 2689; x_wconf 80' lang='lat' dir='ltr'>laterculum.</span> <span class='ocrx_word' id='word_1_294' title='bbox 1629 2657 1757 2690; x_wconf 78' lang='lat' dir='ltr'>Maius.</span> 
     </span>
    </p>

    <p class='ocr_par' dir='ltr' id='par_1_16' title="bbox 231 2710 1761 2925">
     <span class='ocr_line' id='line_1_37' title="bbox 343 2710 1758 2758; baseline 0.001 -13"><span class='ocrx_word' id='word_1_295' title='bbox 343 2715 363 2745; x_wconf 85' lang='grc'><strong>9</strong></span> <span class='ocrx_word' id='word_1_296' title='bbox 387 2710 506 2745; x_wconf 86' lang='lat' dir='ltr'>Maius</span> <span class='ocrx_word' id='word_1_297' title='bbox 529 2710 659 2745; x_wconf 79' lang='lat' dir='ltr'>laudat</span> <span class='ocrx_word' id='word_1_298' title='bbox 682 2714 821 2745; x_wconf 78' lang='lat' dir='ltr'>curristi</span> <span class='ocrx_word' id='word_1_299' title='bbox 857 2722 876 2745; x_wconf 93' lang='lat' dir='ltr'>e</span> <span class='ocrx_word' id='word_1_300' title='bbox 901 2710 1131 2746; x_wconf 88' lang='lat' dir='ltr'>Tertulliano</span> <span class='ocrx_word' id='word_1_301' title='bbox 1163 2710 1209 2745; x_wconf 91' lang='lat' dir='ltr'>de</span> <span class='ocrx_word' id='word_1_302' title='bbox 1237 2710 1343 2756; x_wconf 84' lang='lat' dir='ltr'>Fuga</span> <span class='ocrx_word' id='word_1_303' title='bbox 1370 2710 1410 2745; x_wconf 89' lang='lat' dir='ltr'>in</span> <span class='ocrx_word' id='word_1_304' title='bbox 1433 2710 1619 2758; x_wconf 57' lang='lat' dir='ltr'>Persecut.</span> <span class='ocrx_word' id='word_1_305' title='bbox 1646 2723 1684 2756; x_wconf 89' lang='lat' dir='ltr'>p.</span> <span class='ocrx_word' id='word_1_306' title='bbox 1706 2716 1758 2747; x_wconf 78' lang='lat'>12.</span> 
     </span>
     <span class='ocr_line' id='line_1_38' title="bbox 231 2765 1757 2812; baseline 0.001 -13"><span class='ocrx_word' id='word_1_307' title='bbox 231 2765 464 2800; x_wconf 86' lang='lat' dir='ltr'>Heindorfius</span> <span class='ocrx_word' id='word_1_308' title='bbox 488 2765 543 2801; x_wconf 86' lang='lat' dir='ltr'>ita</span> <span class='ocrx_word' id='word_1_309' title='bbox 566 2766 676 2801; x_wconf 84' lang='lat' dir='ltr'>ludit:</span> <span class='ocrx_word' id='word_1_310' title='bbox 702 2771 794 2812; x_wconf 85' lang='lat' dir='ltr'>quod</span> <span class='ocrx_word' id='word_1_311' title='bbox 815 2771 971 2802; x_wconf 83' lang='lat' dir='ltr'>veniendi</span> <span class='ocrx_word' id='word_1_312' title='bbox 987 2771 1034 2802; x_wconf 83' lang='lat' dir='ltr'>ad</span> <span class='ocrx_word' id='word_1_313' title='bbox 1056 2774 1088 2802; x_wconf 76' lang='lat' dir='ltr'>te</span> <span class='ocrx_word' id='word_1_314' title='bbox 1112 2771 1199 2802; x_wconf 83' lang='lat' dir='ltr'>adeo</span> <span class='ocrx_word' id='word_1_315' title='bbox 1216 2778 1337 2812; x_wconf 88' lang='lat' dir='ltr'>pauca</span> <span class='ocrx_word' id='word_1_316' title='bbox 1352 2767 1527 2812; x_wconf 85' lang='lat' dir='ltr'>tempora</span> <span class='ocrx_word' id='word_1_317' title='bbox 1544 2767 1757 2812; x_wconf 84' lang='lat' dir='ltr'>suppetunt.</span> 
     </span>
     <span class='ocr_line' id='line_1_39' title="bbox 231 2821 1761 2867; baseline 0.001 -11"><span class='ocrx_word' id='word_1_318' title='bbox 231 2821 311 2866; x_wconf 84' lang='lat' dir='ltr'>Ego</span> <span class='ocrx_word' id='word_1_319' title='bbox 336 2822 395 2857; x_wconf 90' lang='lat' dir='ltr'>vel</span> <span class='ocrx_word' id='word_1_320' title='bbox 418 2822 456 2856; x_wconf 89' lang='lat' dir='ltr'>in</span> <span class='ocrx_word' id='word_1_321' title='bbox 479 2827 592 2866; x_wconf 78' lang='lat' dir='ltr'>soleis,</span> <span class='ocrx_word' id='word_1_322' title='bbox 616 2822 647 2856; x_wconf 92' lang='lat' dir='ltr'>si</span> <span class='ocrx_word' id='word_1_323' title='bbox 669 2834 728 2857; x_wconf 92' lang='lat' dir='ltr'>me</span> <span class='ocrx_word' id='word_1_324' title='bbox 753 2828 932 2867; x_wconf 80' lang='lat' dir='ltr'>vocasses,</span> <span class='ocrx_word' id='word_1_325' title='bbox 957 2827 1004 2858; x_wconf 85' lang='lat' dir='ltr'>ad</span> <span class='ocrx_word' id='word_1_326' title='bbox 1027 2831 1059 2858; x_wconf 82' lang='lat' dir='ltr'>te</span> <span class='ocrx_word' id='word_1_327' title='bbox 1084 2828 1274 2860; x_wconf 78' lang='lat' dir='ltr'>currissem.</span> <span class='ocrx_word' id='word_1_328' title='bbox 1311 2827 1409 2858; x_wconf 79' lang='lat' dir='ltr'>Nune</span> <span class='ocrx_word' id='word_1_329' title='bbox 1433 2837 1504 2864; x_wconf 85' lang='lat' dir='ltr'>oro,</span> <span class='ocrx_word' id='word_1_330' title='bbox 1530 2827 1660 2866; x_wconf 80' lang='lat' dir='ltr'>saltem,</span> <span class='ocrx_word' id='word_1_331' title='bbox 1686 2827 1761 2858; x_wconf 84' lang='lat' dir='ltr'>dum</span> 
     </span>
     <span class='ocr_line' id='line_1_40' title="bbox 231 2878 1760 2925; baseline 0 -12"><span class='ocrx_word' id='word_1_332' title='bbox 231 2878 314 2914; x_wconf 84' lang='lat' dir='ltr'>mihi</span> <span class='ocrx_word' id='word_1_333' title='bbox 337 2889 411 2913; x_wconf 90' lang='lat' dir='ltr'>non</span> <span class='ocrx_word' id='word_1_334' title='bbox 434 2880 544 2914; x_wconf 88' lang='lat' dir='ltr'>vacat</span> <span class='ocrx_word' id='word_1_335' title='bbox 568 2879 616 2914; x_wconf 86' lang='lat' dir='ltr'>ad</span> <span class='ocrx_word' id='word_1_336' title='bbox 640 2879 677 2914; x_wconf 84' lang='lat' dir='ltr'>te</span> <span class='ocrx_word' id='word_1_337' title='bbox 701 2880 926 2923; x_wconf 80' lang='lat' dir='ltr'>contendere,</span> <span class='ocrx_word' id='word_1_338' title='bbox 950 2879 1130 2915; x_wconf 89' lang='lat' dir='ltr'>rescribas</span> <span class='ocrx_word' id='word_1_339' title='bbox 1148 2880 1317 2925; x_wconf 83' lang='lat' dir='ltr'>quomodo</span> <span class='ocrx_word' id='word_1_340' title='bbox 1341 2880 1478 2915; x_wconf 86' lang='lat' dir='ltr'>valeas.</span> <span class='ocrx_word' id='word_1_341' title='bbox 1515 2879 1594 2914; x_wconf 87' lang='lat' dir='ltr'>Nec</span> <span class='ocrx_word' id='word_1_342' title='bbox 1608 2878 1669 2913; x_wconf 90' lang='lat' dir='ltr'>diu</span> <span class='ocrx_word' id='word_1_343' title='bbox 1685 2879 1760 2914; x_wconf 87' lang='lat' dir='ltr'>iam</span> 
     </span>
    </p>
   </div>
  </div>
 </body>
</html>
