1968 3158
443 153 510 191 AD
533 153 582 190 M.
603 152 861 190 CAESAREM
887 152 948 188 ET
974 150 1176 187 INVICEM
1202 149 1346 186 LIBER
1371 148 1414 185 V.
1657 149 1709 191 81

621 269 752 313 XIV.
785 268 861 311 29.
908 267 1112 311 Domino
1143 266 1258 310 Meo.

285 363 522 416 Cervicum,
556 361 754 414 Domine,
787 360 930 402 dolore
961 359 1084 415 gravi
1106 373 1200 400 sum
1232 356 1494 412 correptus¹,
1527 355 1578 399 (le
1605 356 1711 412 pede

171 432 290 476 dolor
321 430 516 473 decessit.
578 429 687 472 Vale
718 428 902 470 Domine
933 427 1107 482 optime.
1170 426 1400 468 Dominam
1431 425 1583 467 saluta.

501 543 606 588 XV.
638 542 713 587 30.
759 541 991 596 Magistro
1021 540 1123 584 Meo
1154 537 1389 584 Salutem.

285 637 510 681 Cervicum
547 634 712 677 dolores
750 633 786 675 si
817 632 948 675 tertia
985 632 1179 688 quoque²
1218 632 1285 673 die
1324 631 1589 685 remiserint,
1631 631 1715 673 erit

171 706 283 763 quod
313 720 452 748 meam
482 703 733 746 redeuntem
762 700 1055 743 valetudinem
1073 735 1082 742 ,
1097 700 1302 742 maiorem
1339 700 1386 741 in
1425 700 1598 742 modum
1641 700 1712 742 ad-

170 776 300 829 iuvet,
333 773 393 815 mi
422 772 643 828 magister.
676 769 781 812 Lavi
813 771 856 812 et
885 768 1011 811 hodie
1043 768 1114 810 013
1143 767 1358 810 ambulavi
1379 768 1569 823 paulum,
1604 769 1711 810 civi⁸

170 842 298 899 paulo
336 841 432 897 plus
469 840 645 895 sumpsi,
693 838 886 880 nondum
921 838 1069 879 tamen
1107 836 1270 878 libente
1308 837 1541 878 stomacho.
1604 836 1712 879 Vale

170 910 230 953 mi
259 909 566 953 iucundissime
596 907 817 963 magister.
879 905 1021 947 Mater
1050 919 1146 946 mea
1176 906 1219 946 te
1251 904 1424 946 salutat.

485 1022 619 1066 XVI.
652 1021 728 1064 31.
772 1020 1007 1075 Magistro
1036 1019 1139 1063 Meo
1172 1016 1408 1063 Salutem.

284 1115 422 1166 Quom
450 1115 532 1157 tibi
563 1114 693 1156 etiam
722 1115 815 1155 tum
847 1111 1032 1155 cervices
1053 1111 1282 1166 doluerint,
1316 1125 1400 1166 quo
1430 1110 1588 1153 mihei³³
1611 1113 1713 1154 scri-

171 1186 307 1240 beres,
339 1199 428 1226 11011
457 1198 631 1239 possum
669 1196 803 1238 aequo
841 1181 986 1223 animo
1014 1180 1141 1234 ferre,
1181 1194 1321 1235 neque
1360 1194 1464 1222 sane
1504 1180 1600 1222 volo
1640 1184 1715 1222 aut

172 1254 316 1296 debeo.
376 1252 472 1309 Ego
503 1253 660 1306 autem,
692 1250 940 1292 iuvantibus
970 1251 1119 1291 votum
1148 1251 1272 1290 tuum
1304 1249 1408 1302 deis,
1441 1249 1557 1290 lavi¹⁵
1587 1248 1714 1292 hodie

172 1324 216 1364 et
247 1322 329 1364 civi
358 1322 570 1377 quantum
599 1321 667 1361 sat
697 1320 791 1360 erat
822 1318 936 1374 cepi:
968 1318 1069 1360 vino
1100 1318 1231 1360 etiam
1260 1317 1447 1359 libenter
1470 1332 1571 1359 usus
1604 1332 1711 1360 sum.

171 1390 280 1433 Vale
310 1389 370 1431 mi
398 1388 704 1432 iucundissime
734 1387 955 1443 magister.
1015 1386 1157 1428 Mater
1177 1400 1282 1427 -mea
1310 1387 1354 1427 te
1386 1385 1560 1427 salutat.

609 1478 771 1547 XVII.
803 1500 878 1544 32.
923 1500 1127 1545 Domino
1156 1499 1274 1544 Meo.

287 1594 466 1638 Dolores
503 1594 674 1650 quidem
719 1593 932 1636 cervicum
975 1591 1086 1636 nihil
1123 1592 1403 1646 remiserunt,
1451 1592 1524 1634 sed
1570 1593 1715 1635 animo

174 1665 284 1706 bene
320 1663 424 1718 fuit,
473 1662 593 1705 cum⁷
630 1664 674 1704 te
712 1662 867 1703 balneo
905 1663 949 1703 et
985 1661 1085 1703 vino
1116 1661 1302 1703 libenter
1345 1675 1470 1702 usum
1516 1662 1711 1717 cognovi.

176 1732 283 1775 Vale
303 1730 510 1774 Domine.
570 1730 984 1773 Dominam‘saluta.

597 1832 787 1877 XVIII.
819 1832 895 1876 33.
941 1832 1145 1876 Domino
1174 1831 1291 1876 Meo.

273 1925 551 1982 ,Gravissimo
582 1925 726 1968 dolore
770 1924 966 1981 inguinis
1013 1939 1107 1966 sum
1149 1926 1372 1980 arrethS,
1399 1924 1431 1979 18
1453 1938 1536 1979 quo
1575 1924 1715 1968 omnis

175 1996 294 2038 dolor
323 2010 349 2037 a
379 1995 502 2037 dorso
533 1996 576 2036 et
605 1994 762 2036 lumbis
804 1993 1015 2036 incubuit.
1076 1993 1185 2035 Vale
1223 1991 1420 2035 Domine.
1482 1992 1715 2036 Dominam

175 2065 328 2107 saluta.

483 2153 624 2198 xlx.
658 2153 733 2197 34.
779 2127 1012 2208 Magistro
1042 2153 1143 2196 Meo
1175 2149 1410 2196 Salutem.

288 2246 486 2289 Doluisse
509 2248 552 2288 te
573 2246 782 2302 1113111110Ω
805 2259 1031 2302 cognosco,
1054 2244 1114 2287 mi
1135 2245 1363 2301 magister3
1396 2246 1439 2287 et
1461 2259 1557 2287 cum
1578 2260 1714 2288 recor-

292 2376 308 2406 1
334 2371 430 2407 Add.
455 2383 512 2417 pr.
538 2383 586 2407 m.
612 2385 692 2407 sum.

291 2433 310 2463 2
336 2429 394 2463 Ita
419 2428 556 2463 Codex.
1376 2460 1380 2462 ,
1595 2465 1597 2467 ,

292 2490 312 2520 3
335 2484 493 2520 Videtur
525 2485 698 2520 deletum.
749 2487 876 2522 Maius.
937 2484 1140 2530 perperam
1170 2483 1288 2519 Maius
1319 2483 1485 2519 affirmat
1514 2483 1552 2519 in
1579 2484 1714 2521 Codice

177 2541 341 2577 deletum
367 2552 444 2577 esse
470 2549 504 2576 et
526 2541 647 2577 hodie.

290 2603 313 2634 4
338 2597 478 2634 Codex:
505 2605 573 2633 aut.
1416 2639 1419 2643 ι

292 2660 312 2691 5
336 2655 394 2690 Ita
409 2654 544 2699 Codex,
562 2653 628 2690 sed
645 2665 716 2690 800.
731 2666 780 2689 m.
800 2668 865 2700 quo
881 2657 970 2690 mihi.
1002 2653 1232 2700 Schopenus:
1251 2652 1358 2697 Quod
1371 2656 1432 2689 tibi
1443 2674 1486 2679 —
1500 2666 1612 2700 quom
1626 2660 1713 2693 mihi.

291 2716 312 2748 6
335 2711 420 2747 Non
445 2710 533 2747 satis
558 2711 728 2757 apparet,
753 2710 842 2756 quid
866 2723 922 2756 pr.
948 2723 996 2746 111.
1024 2710 1180 2746 dederit.

292 2772 311 2804 7
337 2768 427 2804 Cod.
452 2780 508 2814 pr.
535 2780 583 2803 m.
611 2782 695 2814 qum.

291 2829 312 2860 8
336 2824 470 2871 Incipit
496 2824 584 2860 Cod.
611 2824 695 2860 Vat.
722 2837 758 2870 p.
780 2829 854 2861 102.

291 2886 312 2917 9
335 2881 566 2918 Ecksteinius
589 2881 746 2917 mavult:
771 2885 916 2927 inguine.

225 2962 360 2986 rnon'r.
378 2963 424 2986 m*
442 2962 579 2988 11011111..
600 2962 720 2990 emer,
1413 2941 1439 2982 6
