1968 3158
477 174 543 213 AD
567 175 616 213 M.
637 174 894 212 CAESAREM
918 174 981 212 ET
1007 173 1212 212 INVICEM
1235 172 1379 210 LIBER
1402 171 1446 210 V.

123 286 125 289 ¹
194 297 235 330 17
260 292 373 328 Modo
397 291 489 328 mihi
515 291 657 328 Gratia.

195 353 237 386 18
261 350 414 386 Possum
439 349 531 385 satis
555 360 624 395 pro
650 360 690 385 re
714 348 796 384 ista.

195 411 237 443 19
262 406 413 443 Caietae
439 406 599 442 substiti.

192 469 237 501 20
261 463 448 508 Quantam
472 465 513 499 tu
538 463 639 499 mihi.

192 526 235 558 21
260 522 463 568 Postquam
487 520 658 567 profecti.

191 582 235 614 22
260 578 372 614 Ludis
395 579 438 614 tu
464 578 625 624 quidem.

191 640 235 673 23
259 635 340 682 Ego
366 635 444 672 dies
466 636 558 671 istos
581 634 686 670 tales.

191 697 235 728 24
261 691 382 735 Quom
404 693 443 728 te
468 692 610 728 salvom
635 696 683 727 et.

191 753 235 786 25
258 749 371 785 Modo
396 749 488 784 mihi
511 748 734 784 Victorinus.

191 809 235 842 26
264 805 387 842 Caluit
411 806 449 841 et
471 805 583 841 hodie
608 805 796 841 Faustina.

191 867 234 899 27
261 861 454 906 Quomodo
479 862 669 898 manseris.

191 924 235 956 28
259 920 417 956 Noctem
443 921 520 956 sine
544 919 653 956 febri.

190 982 234 1014 29
259 977 451 1014 Cervicum
475 977 644 1013 Domine.

131 1054 138 1058 ·
191 1040 235 1072 30
260 1035 453 1071 Cervicum
478 1035 637 1070 dolores.

190 1097 231 1128 31
259 1092 368 1128 Cum¹
395 1092 467 1128 tibi
491 1092 614 1128 etiam.

190 1154 234 1186 32
258 1149 437 1185 Dolores²
462 1149 622 1194 quidem.

191 1211 235 1243 33
261 1205 488 1242 Gravissimo
513 1206 653 1242 dolore.

190 1267 235 1300 34
258 1263 428 1300 Doluisse
453 1264 492 1298 te
516 1263 681 1308 inguina.

190 1325 234 1357 35
258 1320 362 1356 Patri
385 1321 451 1356 tuo
475 1321 536 1356 fac
559 1321 700 1356 notum.

190 1381 234 1414 36
259 1377 395 1413 Statim
419 1378 471 1412 mi
495 1378 686 1423 magister.

189 1439 233 1471 37
258 1434 338 1480 Ego
362 1434 601 1480 prodormist

190 1496 234 1528 38
259 1490 415 1534 Quando
439 1492 479 1526 id
502 1492 654 1527 factum.

190 1554 234 1585 39
258 1548 475 1584 Vindemias
498 1549 627 1584 laetas.

189 1610 234 1641 40
258 1606 300 1640 111
322 1606 442 1641 hortis
465 1606 683 1642 vindemias.

190 1667 232 1698 41
258 1663 339 1709 Ego
365 1663 460 1698 adeo
485 1663 695 1709 perscripsi.

188 1723 233 1754 42
259 1719 420 1755 Tardius
445 1720 515 1756 tibi
539 1720 700 1755 domine.

189 1782 232 1812 43
257 1777 345 1813 Dies
369 1777 461 1812 mihi
484 1778 586 1813 totus
610 1789 757 1813 vacuus.

189 1839 234 1869 44
257 1834 438 1870 Perendie
464 1834 635 1870 Domine.

189 1897 234 1928 45
258 1893 406 1927 Annum
430 1893 598 1928 novom⁴.

979 294 1023 326 46
1048 291 1096 326 Et
1118 290 1198 336 ipse
1223 300 1401 336 prospere
1426 288 1485 324 sis.

978 352 1022 384 47
1047 348 1096 383 Et
1119 359 1216 383 nuuc
1240 358 1350 383 sanus
1375 347 1423 382 et.

979 408 1024 439 48
1050 404 1334 450 Quaecumque⁵
1360 403 1461 438 mihi.
1493 404 1521 448 1⁰

981 466 1025 497 49
1051 460 1206 496 Saenius
1231 460 1491 506 Pompeianus.

982 522 1025 554 50
1050 518 1300 564 Pompeianus
1324 516 1478 552 meritis,

980 579 1022 611 51
1049 574 1087 610 Si
1111 578 1149 610 te
1174 575 1212 610 in
1236 574 1440 620 provincia.

979 636 1022 668 52
1046 632 1225 668 Arideus⁷
1248 631 1318 668 iste
1344 631 1407 677 qui
1431 631 1512 666 tibi.

978 694 1022 726 53
1046 690 1181 725 Utrum
1204 689 1295 724 facti
1318 689 1467 724 virtus¹³.

978 750 1023 782 54
1046 746 1231 782 Reversus
1257 758 1279 782 a
1304 745 1483 781 convivio.

977 807 1021 839 55
1047 803 1206 839 Cholera
1230 814 1345 848 usque
1371 813 1426 838 eo.

978 864 1021 896 56
1045 861 1137 896 Post
1159 861 1309 906 tempus
1332 860 1371 894 te
1395 859 1532 895 videre.

979 922 1020 954 57
1046 917 1231 953 Plurimos
1257 917 1414 952 natales.

979 980 1023 1012 58
1048 975 1179 1011 Salvos
1205 975 1285 1010 esto
1310 974 1429 1009 nobis.

979 1038 1022 1069 59
1047 1033 1159 1069 Pueri
1183 1032 1272 1067 dum
1298 1042 1317 1066 e
1342 1031 1496 1066 balneis.

979 1095 1023 1126 60
1047 1089 1194 1125 Auxisti
1220 1100 1326 1125 curas
1352 1087 1454 1122 mihi.

977 1152 1018 1183 61
1045 1149 1130 1193 Ipsa
1155 1147 1214 1182 die
1240 1157 1315 1191 qua
1338 1145 1531 1191 proficisci.

977 1209 1020 1241 6-2
1045 1204 1153 1240 Nunc
1178 1204 1338 1249 denique
1365 1203 1464 1248 opto.

976 1267 1019 1298 63
1043 1262 1200 1298 Plantae
1223 1260 1393 1296 Domine.

977 1324 1022 1355 64
1048 1319 1169 1362 Quom
1193 1319 1356 1354 salubri⁹
1381 1317 1452 1353 tibi
1477 1318 1544 1352 est.
1612 1307 1614 1310 ’

977 1381 1021 1413 65
1044 1377 1125 1423 Ego
1151 1375 1382 1422 gravissime.

978 1438 1021 1470 66
1047 1433 1140 1469 Cum
1163 1433 1258 1469 haec
1282 1433 1425 1469 scribas
1448 1431 1549 1467 mihi.
1584 1432 1593 1434 “

966 1496 1020 1527 ,67
1045 1491 1185 1526 Decem
1208 1491 1316 1526 tanta
1341 1491 1378 1525 te
1404 1500 1499 1525 amo.

977 1552 1021 1583 68
1045 1549 1094 1583 Et
1117 1553 1188 1583 nos
1211 1547 1392 1584 Gratiam.

977 1609 1021 1641 69
1047 1605 1195 1641 Tertius
1220 1608 1277 1641 est
1301 1604 1379 1640 dies
1405 1604 1517 1649 quod.

979 1667 1022 1698 70
1047 1663 1104 1697 Tu
1129 1674 1277 1708 quoque
1301 1661 1498 1707 intellegis.

978 1724 1020 1755 71
1045 1719 1186 1755 Fauces
1210 1719 1374 1754 miseras.
1419 1737 1423 1741 ·

979 1781 1021 1812 72
1047 1777 1163 1811 Iam¹⁰
1186 1777 1310 1812 habeo
1336 1775 1453 1821 quod,

980 1839 1022 1870 73
1046 1833 1211 1869 Vexatus
1236 1845 1317 1868 sum
1340 1832 1510 1868 Domine.

979 1896 1023 1927 74
1048 1891 1176 1936 Egone
1200 1892 1241 1926 ut
1265 1890 1447 1925 studeam.

479 2031 573 2086 (M.
605 2032 971 2088 CORNELII
1010 2029 1439 2086 FRONTONIS

224 2135 676 2185 EPISTULARUM
711 2136 799 2184 AD
835 2137 900 2185 M.
934 2133 1274 2184 CAESAREM
1308 2133 1390 2182 ET
1425 2132 1695 2182 INVICEM

747 2236 782 2279 L
802 2237 824 2279 1
845 2236 882 2278 B
903 2236 941 2278 E
962 2236 1002 2278 R
1044 2236 1097 2279 V.
1113 2236 1173 2293 11)

695 2350 738 2395 Ι.
772 2351 814 2395 1.
858 2351 1064 2395 Domino
1094 2350 1211 2394 Meo.

305 2441 350 2486 Si
381 2442 609 2499 quicquam
630 2457 709 2485 nos
731 2457 862 2498 amas,
896 2443 1102 2485 dormei12
1132 2457 1209 2498 per
1232 2443 1338 2484 istas
1359 2443 1523 2495 noctes,
1555 2442 1605 2482 ut
1624 2440 1728 2482 forti

193 2511 332 2554 colore
362 2512 407 2553 in
439 2513 638 2554 senatum
667 2511 814 2554 venias
846 2513 891 2553 et
919 2511 1165 2554 vehementi
1194 2510 1330 2552 latere
1360 2510 1493 2565 legas,

307 2630 324 2660 1
350 2626 451 2660 Infra
475 2624 512 2659 in
537 2624 665 2660 ordine
692 2638 797 2671 quom.

305 2689 326 2719 3
351 2682 440 2718 Cod.
467 2686 546 2717 tum
571 2681 632 2717 hic
655 2683 736 2717 tum
759 2681 799 2716 in
823 2681 953 2718 ordine
977 2700 1022 2708 ——
1046 2682 1149 2717 001L·

306 2744 327 2775 5
351 2737 491 2775 Codex:
518 2742 565 2774 Et
591 2752 826 2785 quaecumque.

306 2801 324 2832 7
351 2797 467 2831 Infra:
497 2799 670 2832 Aridelus.

305 2858 326 2889 9
350 2853 466 2888 Infra:
491 2856 637 2888 salubre.

284 2913 324 2945 ll
351 2909 496 2945 Titulus
521 2910 626 2945 deest
649 2910 687 2944 in
713 2909 858 2946 Codice.

1057 2629 1077 2660 2
1103 2623 1243 2660 Codex:
1270 2628 1429 2659 dolorem.

1053 2799 1074 2831 8
1100 2794 1241 2830 Codex:
1265 2798 1353 2839 facit
1376 2799 1497 2831 viv-sus.

1032 2857 1073 2888 10
1098 2851 1237 2888 Codex:
1264 2860 1339 2888 tam.

1031 2913 1071 2944 12
1098 2908 1187 2945 Cod.
1215 2921 1285 2945 sec.
1312 2921 1360 2944 m.
1388 2912 1508 2946 dormi.

1266 2685 1288 2716 4
1312 2681 1429 2716 Infra:
1457 2693 1583 2716 novum.

1053 2742 1074 2773 6
1099 2738 1233 2784 Incipit
1258 2736 1349 2774 Cod.
1374 2737 1459 2773 Vat.
1486 2749 1521 2783 p.
1545 2739 1619 2774 127.
