1968 3158
272 141 353 183 160
553 139 600 172 M.
623 137 848 173 CORNELII
871 111 1147 173 FRONTONIS
1172 138 1511 175 EPISTULARUM

270 267 340 294 eas
386 266 534 306 promo
577 284 883 293 ......
931 267 985 294 en
1135 285 1144 294 .
1194 285 1203 294 .
1253 285 1261 294 .
1314 268 1344 295 n
1390 256 1439 294 u¹
1491 287 1792 298 ......

316 354 324 361 .
357 322 450 361 unt.
1118 325 1121 329 ’
1284 366 1286 368 ,
1632 372 1639 374 -

381 387 526 428 Laudo
549 388 735 429 censoris
756 391 863 430 illud
871 388 900 443 ²,
933 388 1004 444 qui
1025 388 1147 430 ludos
1167 389 1343 431 talarios
1372 391 1568 440 effuqeret
1577 389 1656 446 3,{⁴¹
1684 390 1795 444 quod

269 457 406 496 semet·
429 455 570 509 ipsum
601 456 783 510 diceret,
818 471 913 498 cum
951 471 1000 498 ea
1030 458 1337 511 praeterisseffi,
1380 457 1554 498 difficile
1593 457 1796 512 dignitati

269 523 447 577 servire,
489 523 591 578 quin
633 525 686 565 ad
716 524 888 566 modum
919 525 1070 566 crotali
1102 527 1176 566 aut
1208 524 1391 580 cymbali
1422 524 1573 579 pedem
1602 526 1794 583 poneret.

268 591 375 632 Tum
407 588 629 645 praeterea
659 591 795 633 multa
826 594 927 633 sunt
956 592 1002 633 in
1032 592 1115 633 isto
1145 607 1304 648 genere
1335 592 1504 634 dicendi
1534 581 1712 634 sinceris
1743 591 1797 635 si-

268 658 407 712 milia,
459 658 544 700 nisi
583 660 677 714 quis
709 660 941 715 diligenter
971 661 1228 703 examinata.
1288 664 1436 712 Iusque
1466 663 1603 702 datum
1633 664 1777 703 sceleri
1785 677 1796 700 .-

269 725 346 775 Q.⁶
377 726 584 768 Annaeus
616 727 690 768 ait.
753 727 913 770 Contra
945 727 1190 771 Sallustius:
1231 742 1343 770 omne
1373 733 1434 770 ius
1463 732 1504 777 in
1534 730 1798 771 validioribus

267 808 363 835 esse.
426 794 676 837 Gallicanus
714 796 886 850 quidam
923 797 1183 838 declamator
1222 811 1318 838 cum
1355 796 1610 838 Macedones
1641 795 1798 837 delibe-

269 862 430 916 rantiS,.
454 861 701 904 Alexandro
730 863 879 905 morbo
909 866 1090 919 mortuo,
1124 879 1180 906 an
1202 864 1467 918 Babylonem
1491 896 1768 906 .......
1781 863 1796 888 ⁷

269 930 370 984 quid
401 929 437 970 si
468 931 607 985 utens,
642 945 734 972 com
767 964 952 973 .....
965 933 981 957 ⁸
1011 947 1102 986 nes,
1139 932 1293 987 inquit.

382 997 589 1039 Factum⁹
621 1001 705 1041 est:
737 1000 884 1043 eodem
913 999 995 1041 hoc
1025 999 1153 1041 verbo
1174 999 1324 1041 Enni.
1347 999 1630 1046 URmIAK.
1689 997 1799 1041 ‚CA

271 1066 411 1107 claudi
440 1066 521 1120 ait,
554 1066 719 1108 factum
749 1070 855 1109 est.
891 1101 900 1109 .
934 1070 977 1109 et
1003 1070 1175 1118 facinus
1208 1067 1563 1109 commemorabile
1577 1067 1629 1109 ¹⁰.
1675 1066 1799 1108 'ribe-

242 1149 244 1152 ’
270 1134 328 1175 ris
360 1136 445 1188 est,
479 1099 637 1189 Tusce,
671 1135 859 1190 Tiberis,
893 1150 1019 1190 quem
1048 1136 1169 1177 iubes
1201 1135 1377 1177 cludi¹¹:
1427 1134 1558 1177 Tiber
1588 1135 1727 1176 amnis
1757 1135 1801 1176 et

270 1202 467 1243 dominus
489 1204 532 1244 et
552 1202 777 1244 fluentium
800 1203 912 1244 circa
933 1206 1138 1259 regnator
1167 1204 1379 1245 undarum
1394 1203 1436 1244 ¹².
1479 1203 1667 1244 Ennius:
1690 1206 1800 1244 Post-

270 1284 389 1321 quam
432 1270 653 1312 consistam
697 1275 844 1322 fluvius
887 1276 957 1322 quc·
1001 1276 1173 1314 omnium
1213 1276 1425 1324 princeps,
1484 1277 1551 1322 que·
1597 1274 1669 1312 sub
1710 1283 1800 1312 cae-

386 1372 409 1396 a
440 1364 483 1395 ln
507 1365 672 1405 margine:
712 1361 831 1396 Multa
865 1362 950 1396 sunt
979 1361 1113 1396 similia
1142 1362 1309 1405 sinceris,
1339 1362 1408 1396 nisi
1440 1360 1687 1406 scrupulosius
1717 1371 1800 1395 exa-

271 1417 469 1452 minentur.

389 1490 404 1519 1
431 1486 473 1519 In
497 1486 554 1520 his
578 1485 719 1521 lacunis
742 1486 934 1531 perierunt
955 1487 1032 1522 tres
1056 1498 1195 1522 versus.

386 1545 406 1576 2
430 1542 575 1587 Nempe
601 1542 763 1587 quinque
787 1542 936 1578 litterae
962 1542 1153 1578 evanidae.

385 1604 406 1634 3
429 1596 573 1634 Novem
597 1598 756 1634 litterae.

385 1659 408 1690 4
432 1656 566 1700 Incipit
592 1655 679 1691 Cod.
706 1668 742 1701 p.
770 1660 846 1692 349.

387 1716 407 1747 5
432 1713 474 1747 In
498 1712 632 1747 Codice
656 1712 731 1758 legi
756 1713 920 1748 videtur:
944 1726 1031 1758 prae
1058 1741 1244 1748 ......
1270 1720 1333 1750 set.
1373 1712 1492 1747 Maius
1516 1723 1589 1748 non
1614 1711 1802 1758 expedivit

272 1770 367 1804 hanc
391 1769 626 1804 sententiam.
675 1769 849 1805 Lectores
878 1770 1030 1806 videant
1055 1781 1101 1804 an
1127 1781 1185 1804 res
1210 1769 1300 1803 mihi
1324 1769 1454 1803 melius
1480 1768 1638 1804 cesserit.

386 1830 406 1860 6
431 1826 489 1860 Ita
511 1825 630 1860 Maius
654 1826 817 1870 legebat.

387 1887 405 1917 7
432 1882 570 1927 Supple
596 1883 679 1917 octo
705 1883 860 1918 litteras.
910 1883 1101 1918 Fortasse:
1127 1897 1171 1918 an
1196 1886 1374 1927 Babylone
1398 1890 1583 1918 manerent.

385 1942 406 1973 8
432 1938 570 1984 Supple
596 1940 757 1985 quinque
782 1940 938 1976 litteras.
988 1940 1179 1975 Fortasse:
1211 1944 1378 1975 commode
1402 1953 1528 1976 mones.

385 2001 406 2031 9
430 1997 489 2031 Ita
511 1997 551 2031 in
575 1995 710 2031 Codice
735 2008 757 2031 a
780 1997 890 2032 linea.
918 2018 960 2022 —
984 1996 1127 2032 Vitium
1152 2008 1174 2032 a
1190 1996 1378 2031 Frontone
1403 1997 1555 2031 notatur
1578 1996 1616 2031 in
1640 1996 1801 2042 repetita

272 2053 458 2088 locutione
486 2056 614 2097 factum
638 2060 700 2088 est.
743 2056 980 2089 Buttmamzus.
1029 2053 1242 2088 Consulenti
1266 2052 1414 2098 patebit
1438 2052 1516 2087 eius
1541 2053 1801 2125 supplementa

271 2109 422 2144 minime
448 2109 642 2144 convenire
669 2121 751 2144 cum
777 2109 864 2145 Uod.
891 2110 1041 2145 lacunis.

365 2170 407 2201 10
430 2166 598 2201 Lacunas
627 2166 788 2201 indicavi
819 2167 999 2210 quantum
1029 2167 1135 2212 potui
1165 2166 1450 2201 accuratissime.
1497 2166 1553 2201 De
1583 2166 1664 2201 loco
1696 2166 1800 2200 resti-

271 2224 409 2259 tuendo
435 2223 608 2267 equidem
633 2222 799 2268 despero.
851 2222 952 2264 Quae
978 2223 1157 2268 supplevi,
1183 2223 1269 2258 dedi
1292 2221 1424 2257 litteris
1446 2221 1594 2257 italicis.

364 2284 404 2315 11
431 2279 519 2315 Cod.
539 2291 609 2315 sec.
628 2291 676 2314 m.
697 2283 819 2314 claudi.
854 2278 1037 2314 Videntur
1061 2281 1178 2315 verba
1202 2279 1312 2314 edicti
1336 2279 1433 2314 illius
1460 2289 1532 2323 quo
1558 2279 1606 2313 M.
1633 2278 1800 2314 Aurelius

272 2337 439 2372 Tiberim
461 2336 704 2371 inundantem
730 2335 891 2371 coerceri
914 2335 1073 2371 iusserit.
1122 2336 1230 2370 Illam
1266 2337 1366 2371 certe
1396 2336 1580 2371 urbanam
1612 2335 1798 2370 calamita-

271 2395 349 2428 tem
374 2394 441 2428 sub
466 2392 580 2427 initiis
603 2392 751 2438 imperii
775 2393 944 2428 divorum
968 2393 1142 2428 Fratrum
1167 2393 1367 2438 contigisse
1393 2393 1447 2428 ait
1463 2392 1662 2438 Capitolin.
1686 2391 1726 2426 in
1750 2392 1798 2426 M.

271 2462 351 2495 cap.
377 2449 464 2486 VIII
489 2460 645 2494 eamque
671 2461 758 2484 cura
781 2449 990 2495 principum
1019 2449 1132 2484 fuisse
1157 2450 1417 2495 temperatam.
1467 2452 1596 2486 Maius.

363 2511 404 2542 12
428 2506 586 2542 Videtur
620 2506 767 2541 Marcus
804 2506 925 2542 edicto
961 2517 1026 2542 suo
1055 2506 1254 2552 Virgilium
1284 2506 1451 2541 imitatus
1486 2505 1578 2541 Aen.
1609 2505 1705 2541 VIII.
1739 2509 1799 2541 77:

270 2568 428 2609 corniqer
453 2567 666 2608 hesperidum
688 2567 808 2608 fluvius
831 2570 996 2608 reynator
1019 2577 1192 2609 aquarum.
1229 2566 1354 2598 Maius.
1396 2562 1482 2597 Non
1506 2562 1637 2607 opinor
1660 2561 1800 2597 Maium

269 2620 494 2654 intellexisse
520 2619 608 2663 quid
631 2619 771 2654 Fronto
797 2619 913 2663 dicat;
946 2621 1054 2655 erunt
1077 2620 1238 2655 fortasse
1263 2619 1464 2663 aliquando
1488 2618 1551 2663 qui
1574 2619 1670 2653 hanc
1694 2617 1799 2663 pagi-

269 2689 357 2712 nam
382 2676 597 2722 expediant:
624 2676 796 2721 equidem
820 2688 973 2722 operam
996 2676 1153 2721 perdidi.

363 2738 404 2769 13
430 2733 518 2768 Cod.
546 2733 702 2768 CONST
722 2762 729 2768 .
750 2762 756 2768 .
777 2733 842 2777 TI,
873 2733 940 2768 sed
962 2733 1112 2768 litterae
1143 2734 1306 2778 fugaces
1357 2732 1484 2777 Cicero
1509 2731 1612 2766 Orat.
1637 2734 1692 2774 48,
1719 2734 1799 2766 161:

271 2794 327 2836 qui
359 2798 410 2825 est
435 2792 564 2826 omnibu
586 2794 761 2835 princeps.
812 2791 1000 2826 Vahlenus
1036 2789 1280 2826 conferendus
1318 2790 1356 2823 et
1387 2789 1571 2823 Beckerus
1605 2789 1643 2823 in
1672 2787 1799 2823 Diario

270 2847 387 2882 Marb.
417 2849 502 2882 1849
527 2858 562 2891 p.
588 2852 665 2883 331.
