1968 3158
224 201 249 229 x
259 200 287 229 11
802 176 988 213 l‘iwLEG
995 175 1131 211 oMEN
1133 175 1174 210 A.

222 301 415 343 Pertinet
453 298 663 351 scriptura
701 294 753 335 ad
792 292 901 334 sexti
938 290 1096 332 saeculi
1127 290 1320 343 initiuni3
1360 289 1484 332 hodie
1523 305 1747 345 possumus

222 369 332 424 apud
362 362 697 422 palaeographos
730 360 947 415 complura
977 352 1214 413 specimina
1249 357 1392 400 videre
1422 359 1615 399 veterum
1645 358 1747 400 scri-

220 439 454 492 pturarum,
487 444 664 486 quarum
696 430 812 470 aetas
843 427 1003 483 liquido
1036 427 1227 480 constat3
1260 426 1313 466 ad
1333 439 1438 480 quas
1470 425 1505 466 si
1537 425 1630 480 quis
1662 426 1747 468 exi-

220 506 295 559 gat
335 501 488 543 codicis
517 498 752 552 imaginem
782 510 909 551 quam
939 494 1078 536 Maius
1109 494 1245 547 dedit,
1287 492 1448 534 videbit
1476 507 1625 535 verum
1655 508 1746 536 esse

219 571 262 612 id
291 568 400 624 quod
431 567 530 608 dixi.
592 565 791 606 Proxima
822 563 875 604 ad
905 563 1168 604 Frontonem.
1198 560 1362 603 accedit
1392 560 1605 615 scriptura
1635 560 1746 603 Livi-

221 638 289 679 ani
329 635 482 678 codicis
527 633 599 688 qui
637 632 918 675 Vindobonae
957 632 1034 672 est.
1109 629 1251 672 Orosii
1298 629 1430 671 codex
1472 628 1747 671 Florentinus

219 705 345 760 paulo
375 702 586 744 recentior
616 703 693 755 est,
727 699 838 755 quod
857 698 1191 740 maiuscularum
1210 697 1454 740 litterarum
1475 699 1652 739 ornatus
1682 697 1746 739 in-

220 772 352 825 dicat,
400 772 547 825 estque
588 770 786 811 exaratus
823 767 1004 822 septimo
1042 766 1224 808 saeculo.
1293 765 1450 807 Itidem
1488 766 1541 807 ad
1579 767 1747 808 sextum

219 839 432 881 saeculum
452 838 672 893 pertinent
694 836 954 878 Graecarum
973 835 1218 876 litterarum
1237 835 1415 888 formae,
1438 849 1546 875 nam
1562 834 1745 889 septimo

218 909 303 949 iam
333 906 501 948 saeculo
537 906 747 961 prodeunt
778 904 979 946 accentus
1010 905 1053 944 et
1083 903 1282 958 spiritus,
1317 902 1470 957 quibus
1500 903 1648 944 noster
1679 916 1746 944 ca-

219 978 297 1017 ret.
351 974 571 1016 Vocabula
602 973 929 1015 continuantur:
960 971 1005 1013 id
1035 985 1134 1013 vero
1166 970 1385 1026 singulare
1416 972 1503 1024 est,
1538 970 1648 1025 quod
1680 984 1746 1012 co-

218 1043 322 1084 dicis
353 1043 600 1084 emendator
629 1041 820 1098 membra
850 1041 1056 1082 orationis
1089 1039 1288 1081 distinxit
1318 1039 1478 1094 puncto
1510 1052 1652 1084 crasso
1682 1052 1745 1080 re-

219 1125 345 1153 curvo
375 1110 580 1166 superiori
617 1109 812 1151 vocabuli
850 1108 965 1163 parti
1004 1108 1239 1163 adscriptO,
1288 1121 1417 1162 quam
1454 1106 1744 1148 distinctionis

217 1167 365 1220 notam
395 1178 591 1233 agnoscit
619 1177 858 1219 Diomedes.
907 1176 961 1218 In
993 1175 1168 1218 Graecis
1198 1174 1319 1216 nulla
1349 1174 1567 1216 distinctio
1599 1174 1745 1230 depre-

217 1246 431 1288 henditur.
491 1245 621 1287 Initio
659 1246 702 1286 et
731 1245 816 1287 fine
846 1245 1052 1286 librorum
1082 1242 1233 1285 titulus
1265 1242 1467 1284 scribitur
1496 1242 1744 1284 maiusculis
1773 1238 1774 1241 ¹

217 1314 456 1356 uncialibus
486 1313 659 1368 litteris3
690 1328 778 1355 non
810 1313 1024 1354 adduntur
1052 1314 1200 1354 tamen
1227 1310 1435 1353 solemnia
1464 1311 1548 1352 ista
1577 1315 1746 1363 explicit

218 1375 259 1424 et
279 1375 433 1435 incipit.
476 1381 636 1431 Quibus
657 1381 899 1423 litterarum
927 1381 1077 1423 formis
1106 1379 1305 1422 librarius
1337 1371 1454 1421 verbi
1486 1393 1614 1420 causa
1643 1393 1744 1420 usus

217 1453 281 1492 est
309 1450 356 1492 in
386 1450 558 1505 Virgilii
592 1450 805 1492 celebrato
846 1449 989 1491 codice
1022 1448 1281 1502 Veronensi,
1324 1462 1406 1502 quo
1438 1447 1537 1489 Gaii
1566 1447 1742 1489 Institu-

215 1519 352 1560 tiones
385 1518 673 1572 continentur,
707 1518 787 1559 hae
819 1518 1050 1572 supersunt
1069 1517 1116 1558 in
1136 1515 1422 1557 Frontoniani
1457 1515 1612 1557 codicis
1640 1516 1745 1558 titu-

215 1587 280 1641 lis,
314 1587 386 1628 sed
416 1586 462 1627 in
492 1588 613 1628 textu
644 1586 807 1641 species
838 1585 1004 1627 diversa
1036 1586 1114 1626 est.
1174 1583 1255 1625 Est
1284 1583 1365 1626 hoc
1394 1583 1600 1625 indicium
1632 1583 1741 1626 codi-

217 1670 310 1696 cum
340 1654 467 1709 paulo
497 1655 638 1696 minus
658 1656 943 1708 vetustorum,
977 1654 1013 1695 si
1033 1652 1148 1694 tituli
1170 1652 1334 1694 exarati
1365 1651 1744 1707 deprehenduntur

215 1722 297 1764 alio
326 1723 568 1763 litterarum
598 1736 755 1778 genere
787 1724 913 1777 atque
945 1723 1086 1763 textus
1116 1721 1222 1776 ipse.
1276 1720 1505 1776 Singulare
1537 1722 1602 1762 est
1632 1720 1743 1775 quod

213 1791 259 1831 in
290 1790 422 1831 altero
452 1790 561 1831 libro
602 1790 654 1831 ad
684 1790 742 1831 M.
777 1790 1004 1832 Gaesarem
1034 1789 1172 1830 textui
1203 1788 1516 1844 superscriptus
1547 1790 1612 1830 est
1641 1788 1743 1830 titu-

214 1858 293 1911 lus,
326 1857 497 1912 paginis
529 1858 660 1899 versis
682 1857 859 1900 EPIST.
884 1858 964 1899 AD
987 1858 1062 1912 M„
1095 1858 1224 1899 rectis
1245 1871 1346 1899 vero
1368 1855 1528 1899 GAES.
1551 1855 1661 1898 LIB.
1684 1855 1741 1897 II.-

215 1925 505 1979 Epistolarum
546 1925 760 1966 clausulae
797 1940 924 1980 saepe
963 1925 1283 1981 angustioribus
1314 1925 1507 1966 versibus
1537 1926 1580 1966 et
1609 1924 1744 1965 mino-

216 1992 332 2033 ribus
362 1992 515 2034 litteris
547 1993 732 2047 scriptae
753 1995 874 2035 sunt:
906 1994 1045 2035 Maius
1077 1993 1318 2048 suspicatur
1347 1992 1425 2034 has
1457 1992 1668 2034 clausulas
1697 1991 1744 2033 in

216 2060 320 2114 ipsis
360 2060 638 2115 autographis
675 2075 804 2102 manu
835 2061 1008 2116 propria
1047 2063 1173 2116 atque
1204 2061 1298 2102 ideo
1327 2059 1628 2102 minutioribus
1658 2059 1743 2100 for-

216 2128 296 2169 mis
335 2128 388 2169 ab
427 2123 709 2182 epistolarum
732 2129 975 2171 auctoribus
1014 2129 1192 2184 adpingi
1228 2129 1361 2171 fuisse
1399 2127 1566 2170 solitas:
1617 2141 1742 2182 quem

217 2194 368 2237 deinde
397 2211 557 2237 morem
588 2211 868 2239 amanuenses
889 2197 1087 2252 religiose
1108 2197 1342 2238 tenuerint.
1383 2195 1581 2237 Fortasse
1603 2194 1742 2236 Maius

219 2264 437 2318 cogitabat
467 2264 631 2306 illustre
654 2265 894 2319 exemplum
915 2265 1037 2306 Pauli
1061 2265 1272 2319 Apostoli,
1306 2264 1380 2306 sed
1408 2263 1646 2305 notandum
1678 2264 1743 2304 est

217 2329 476 2372 Frontonem
498 2334 541 2373 et
561 2331 618 2374 M.
642 2332 880 2387 Caesarem,
915 2333 1032 2374 cuius
1054 2333 1115 2374 rei
1137 2347 1263 2387 saepe
1293 2332 1343 2372 fit
1373 2331 1532 2373 diserta
1562 2329 1739 2385 mentio,

216 2398 461 2453 plerumque
500 2414 576 2441 sua
612 2415 743 2442 manu
781 2401 1015 2455 scripsisse.
1075 2400 1222 2441 Novae
1253 2399 1494 2441 sententiae
1525 2399 1743 2453 incipiunt

218 2481 242 2508 a
278 2466 423 2508 littera
460 2467 587 2522 paulo
624 2468 797 2522 maiore,
837 2483 925 2510 non
956 2469 1121 2510 diversa
1149 2482 1174 2509 a
1205 2467 1379 2521 ceteris,
1411 2475 1533 2510 extra
1561 2466 1742 2508 lineam:

218 2548 311 2575 eam
349 2534 598 2577 divisionem
645 2536 691 2578 in
729 2536 914 2578 editione
953 2536 1180 2591 diligenter
1216 2535 1395 2590 retinui,
1450 2535 1485 2576 si
1524 2535 1597 2590 qui
1631 2534 1742 2576 forte
1775 2543 1781 2546 ’

218 2600 341 2642 huius
372 2603 433 2643 rei
463 2617 564 2644 usus
596 2618 686 2645 esse
715 2604 942 2646 videbitur.
995 2604 1270 2659 Gonipendia,
1302 2605 1350 2644 ut
1378 2603 1426 2645 in
1457 2603 1634 2657 antiquo
1665 2601 1741 2644 Oo-

219 2668 330 2722 dice,
363 2684 460 2711 rara
490 2673 603 2712 sunt.
665 2671 876 2714 Scribitur
905 2676 948 2727 q’
970 2686 1046 2727 pro
1075 2687 1171 2726 que,
1205 2671 1257 2712 B’
1288 2686 1367 2726 pro
1387 2675 1479 2722 bus,
1512 2669 1630 2712 IMP.
1662 2684 1740 2724 pro

219 2739 437 2786 imperator
445 2754 458 2784 ;
497 2741 717 2793 praeterea
754 2742 1034 2795 praenomina
1070 2755 1157 2782 una
1186 2740 1331 2781 littera
1360 2738 1607 2780 indicantur
1615 2771 1626 2792 ,
1667 2738 1741 2779 sed

221 2802 303 2844 alia
340 2818 453 2845 nunc
491 2820 578 2847 non
618 2808 898 2850 commemini.
967 2808 1185 2850 Librarius
1229 2807 1334 2850 satis
1379 2807 1604 2848 accuratus
1639 2805 1738 2860 fuit,

221 2869 349 2912 etiam
378 2870 424 2912 in
447 2871 639 2916 Graecis:
671 2875 805 2916 multo
835 2876 1044 2918 maximus
1076 2881 1264 2919 errorum
1293 2887 1496 2918 numerus
1526 2872 1641 2915 Maio
1671 2873 1739 2916 de-
