1968 3158
221 164 303 207 132
505 163 553 198 Μ.
581 162 807 198 CORNELII
829 160 1107 197 FRONTONIS
1131 160 1472 197 EPISTULARUM

217 279 311 319 tum
350 279 392 318 et
430 276 719 317 adlocutiones
756 277 925 317 nostras
965 275 1018 316 ad
1054 275 1302 317 exercitum.
1363 275 1538 317 Mittam
1584 275 1666 317 tibi
1707 277 1750 317 et

218 359 433 387 sermones
462 357 577 384 meos
610 357 705 384 cum
734 342 928 385 barbaris
959 342 1145 385 habitos.
1188 343 1374 385 Multum
1402 343 1509 385 haec
1538 343 1619 385 tibi
1651 357 1748 386 con-

217 413 371 454 ferent.

330 478 475 521 Unam
504 493 595 520 rem
623 478 732 533 volo,
763 493 853 520 non
883 479 1053 534 quidem
1083 479 1375 521 demonstrare
1397 478 1630 534 discipulus
1660 492 1748 519 ma-

219 547 367 603 gistro,
401 547 517 604 {¹sed
548 546 875 588 existimandam
906 547 1019 589 dare.
1082 547 1206 590 Circa
1238 561 1386 589 causas
1418 548 1462 588 et
1491 545 1618 588 initia
1647 545 1751 587 belli

219 615 291 656 diu
322 615 670 669 commoraberis,
712 616 756 656 et
792 614 922 656 etiam
961 630 1010 656 ea
1040 630 1147 670 quae
1177 615 1301 656 nobis
1333 613 1608 656 absentibus2
1638 613 1750 654 male

185 737 187 739 -
218 685 342 738 gesta
371 685 485 724 sunt.
527 683 665 725 Tarde
697 683 750 724 ad
779 683 928 724 nostra
957 682 1115 724 venies.
1158 682 1291 724 Porro
1311 682 1601 724 necessarium
1629 682 1748 736 puto,

218 753 378 806 quanto
410 753 510 792 ante
539 765 683 792 meum
713 750 945 792 adventum
975 750 1213 804 superiores
1243 749 1395 791 Parthi
1423 750 1610 803 fuerint,
1645 748 1751 790 dilu-

219 833 332 874 cere,
372 821 421 860 ut
458 820 668 874 quantum
697 833 776 860 nos
807 818 1019 874 egerimus
1052 819 1272 873 appareat.
1315 817 1388 859 An
1415 818 1550 873 igitur
1580 817 1748 870 debeas,

217 887 426 942 quomodo
470 887 855 939 πεντηκονταετίαν
897 886 1161 938 Θουκυδίδης
1198 885 1450 940 explicuit3,
1495 885 1570 926 illa
1607 883 1752 926 omnia

219 955 451 1010 corripere,
486 969 541 996 an
562 969 661 996 vero
690 954 818 1008 paulo
840 953 993 995 altius4
1022 953 1174 1008 dicere,
1206 967 1287 994 nec
1306 954 1453 994 tamen
1473 953 1548 1006 ita,
1579 953 1629 993 ut
1647 965 1747 993 mox
1770 955 1772 957 ’

215 1024 384 1078 nostra,
418 1023 692 1077 dispandere,
724 1022 817 1077 ipse
847 1021 1068 1076 disspicies
1080 1022 1108 1062 5.

328 1090 381 1132 In
418 1105 584 1132 summa
620 1104 739 1131 meae
778 1104 845 1131 res
884 1091 1031 1145 gestae
1069 1090 1218 1130 tantae
1257 1090 1380 1143 sunt,
1427 1089 1614 1143 quantae
1651 1088 1754 1128 sunt

217 1159 396 1213 scilicet,
430 1157 772 1213 quoiquoimodi6
802 1159 923 1199 sunt:
954 1158 1104 1199 tantae
1136 1158 1280 1198 autem
1310 1155 1583 1209 videbuntur,
1616 1169 1751 1210 quan-

219 1229 285 1268 tas
315 1228 364 1267 tu
395 1241 466 1268 eas
497 1226 631 1268 videri
660 1226 791 1268 voles.
1227 1232 1229 1235 ⁴

541 1339 625 1382 IV.
666 1339 869 1382 Domino
900 1338 1001 1381 Meo
1032 1337 1157 1381 Vero
1188 1336 1423 1391 Augusto.

333 1429 600 1485 Quamquam
635 1444 703 1472 me
735 1430 832 1472 diu⁷
872 1444 968 1471 cum
1002 1429 1087 1470 ista
1124 1428 1370 1470 valetudine
1407 1427 1549 1469 vivere
1579 1426 1752 1481 iampri-

218 1498 314 1539 dem
344 1498 493 1553 pigeat
521 1498 798 1553 taedeatque,
838 1499 985 1538 tamen
1022 1496 1097 1537 ubi
1132 1497 1175 1537 te
1213 1497 1338 1537 tanta
1377 1494 1514 1549 gloria
1554 1508 1632 1548 per
1671 1494 1753 1535 vir-

217 1568 355 1607 tutem
393 1567 518 1620 parta
554 1566 755 1607 reducem
791 1565 955 1618 videro,
1003 1578 1142 1619 neque
1180 1563 1397 1605 incassum
1433 1561 1578 1603 vixero
1616 1575 1754 1615 neque

217 1634 401 1688 invitus,
435 1633 671 1688 quantum8
701 1633 815 1675 vitae
846 1632 1038 1687 dabitur,
1070 1631 1225 1673 vivam.
1285 1629 1395 1672 Vale
1432 1628 1616 1673 Domine
1647 1628 1753 1670 desi-

218 1701 530 1743 derantissime.
593 1701 771 1744 Socrum
801 1703 844 1742 et
873 1700 1030 1742 liberos
1060 1699 1250 1741 vestros9
1282 1697 1435 1739 saluta.

742 1814 797 1857 V.
809 1851 815 1853 γ.
841 1813 1073 1867 Magistro
1102 1812 1220 1855 Meo.

332 1899 489 1954 Quidni
534 1919 614 1961 ego
658 1904 863 1960 gaudium
907 1906 1030 1946 tuum
1065 1902 1172 1944 mihi
1209 1900 1642 1957 repraesentaverim,
1689 1900 1749 1941 mi

219 1974 426 2028 magister
457 1972 705 2015 carissime?
743 1972 955 2027 Equidem
985 1971 1127 2013 videre
1156 1985 1225 2011 me
1239 1970 1286 2024 ¹⁰,
1321 1970 1363 2011 et
1386 1970 1477 2010 arte
1509 1968 1749 2023 complecti,

220 2043 263 2083 et
291 2041 475 2082 multum
505 2040 741 2082 exosculari
773 2039 925 2081 cotidie
957 2039 1101 2080 videor
1129 2037 1236 2079 mihi
1265 2039 1357 2079 toto
1392 2071 1399 2078 .
1436 2071 1445 2079 .
1571 2068 1579 2077 .
1615 2069 1623 2077 .
1660 2069 1668 2077 .

223 2137 1750 2150 ···································

337 2248 354 2278 1
380 2243 515 2289 Incipit
540 2243 628 2279 Cod.
654 2255 690 2289 p.
717 2247 795 2279 435.

335 2305 354 2335 2
381 2300 468 2336 Cod.
494 2312 550 2345 pr.
577 2312 626 2335 m.
653 2314 674 2334 a
699 2302 794 2334 nobis
818 2312 840 2333 α
863 2303 993 2333 sentim.

335 2362 355 2392 3
379 2358 437 2392 Ita
463 2356 603 2400 Codex3
627 2354 762 2391 Maius:
789 2358 959 2399 exposuit,

335 2417 357 2448 4
374 2414 439 2450 An
464 2417 587 2448 latius?
635 2415 870 2455 Heindorfi'us.

337 2474 357 2505 5
382 2469 440 2504 Ita
465 2468 600 2510 Codex,
626 2468 691 2504 sed
715 2468 874 2503 alterum
899 2466 923 2502 S
948 2478 1060 2512 supra
1083 2465 1145 2501 lin.

336 2530 356 2560 6
380 2526 478 2561 Man.
506 2536 583 2560 sec:
615 2528 867 2562 cuoz'cuoimodi.
915 2524 1031 2559 Paulo
1057 2522 1166 2559 aliter
1189 2522 1320 2558 Maius.

337 2586 355 2617 7
380 2582 636 2626 Expectabam
667 2585 791 2616 diutius
820 2580 881 2616 vel
910 2587 977 2615 tam
1002 2584 1071 2616 diu.
1121 2582 1351 2623 Heiadorfius.
1398 2578 1456 2612 Au
1480 2582 1607 2614 medius
1626 2581 1753 2623 fidius?

336 2642 356 2672 8
383 2637 470 2673 Cod.
492 2651 547 2684 pr.
573 2650 621 2673 m.
648 2642 806 2673 reducem
833 2641 953 2672 vixero
976 2649 1083 2681 neque
1106 2639 1228 2671 invitas
1252 2642 1428 2680 quantum,·
1460 2638 1584 2670 cetera
1605 2646 1676 2670 sec.
1703 2647 1753 2671 m.

222 2694 417 2739 supplevit.

336 2755 356 2785 9
380 2750 530 2785 Minime
555 2761 647 2796 opus
671 2752 728 2785 est
750 2749 973 2786 vocabulum
996 2748 1204 2794 intelligere
1222 2748 1267 2783 de
1291 2747 1475 2793 pluribus,
1499 2748 1542 2783 ut
1557 2748 1659 2783 recte
1675 2759 1753 2783 mo-

222 2807 287 2841 net
309 2806 544 2842 Niebuhrius.

314 2866 355 2897 10
381 2861 481 2898 Corr.
509 2857 552 2898 Ze.
601 2866 841 2907 Heindorfi'us.
