<?xml version="1.0" encoding="UTF-8"?>
<!DOCTYPE html PUBLIC "-//W3C//DTD XHTML 1.0 Transitional//EN"
    "http://www.w3.org/TR/xhtml1/DTD/xhtml1-transitional.dtd">
<html xmlns="http://www.w3.org/1999/xhtml" xml:lang="en" lang="en">
 <head>
  <title>
</title>
<meta http-equiv="Content-Type" content="text/html;charset=utf-8" />
  <meta name='ocr-system' content='tesseract 3.04.00' />
  <meta name='ocr-capabilities' content='ocr_page ocr_carea ocr_par ocr_line ocrx_word'/>
</head>
<body>
  <div class='ocr_page' id='page_1' title='image "./mcorneliifronton00fronuoft_0182.png"; bbox 0 0 1968 3158; ppageno 0'>
   <div class='ocr_carea' id='block_1_1' title="bbox 299 150 1565 200">
    <p class='ocr_par' dir='ltr' id='par_1_1' title="bbox 299 150 1565 200">
     <span class='ocr_line' id='line_1_1' title="bbox 299 150 1565 200; baseline 0.007 -9"><span class='ocrx_word' id='word_1_1' title='bbox 299 150 304 155; x_wconf 46' lang='lat'><strong><em>⁹</em></strong></span> <span class='ocrx_word' id='word_1_2' title='bbox 325 159 405 200; x_wconf 76' lang='lat'>142</span> <span class='ocrx_word' id='word_1_3' title='bbox 607 159 655 193; x_wconf 93' lang='lat' dir='ltr'>M.</span> <span class='ocrx_word' id='word_1_4' title='bbox 675 158 900 194; x_wconf 83' lang='lat' dir='ltr'>CORNELII</span> <span class='ocrx_word' id='word_1_5' title='bbox 923 159 1199 196; x_wconf 83' lang='lat' dir='ltr'><strong>FRONTONIS</strong></span> <span class='ocrx_word' id='word_1_6' title='bbox 1223 160 1565 199; x_wconf 82' lang='lat' dir='ltr'><strong>EPISTULARUM</strong></span> 
     </span>
    </p>
   </div>
   <div class='ocr_carea' id='block_1_2' title="bbox 317 271 1848 872">
    <p class='ocr_par' dir='ltr' id='par_1_2' title="bbox 317 271 1848 872">
     <span class='ocr_line' id='line_1_2' title="bbox 321 271 1846 334; baseline 0.006 -22"><span class='ocrx_word' id='word_1_7' title='bbox 321 274 460 313; x_wconf 89' lang='lat' dir='ltr'>terrae</span> <span class='ocrx_word' id='word_1_8' title='bbox 490 271 654 313; x_wconf 84' lang='lat' dir='ltr'>litteras</span> <span class='ocrx_word' id='word_1_9' title='bbox 684 272 921 327; x_wconf 74' lang='lat' dir='ltr'>missitare,</span> <span class='ocrx_word' id='word_1_10' title='bbox 954 274 1403 329; x_wconf 71' lang='lat' dir='ltr'>reges1-exterarum2</span> <span class='ocrx_word' id='word_1_11' title='bbox 1439 277 1634 332; x_wconf 86' lang='lat' dir='ltr'>gentium</span> <span class='ocrx_word' id='word_1_12' title='bbox 1665 279 1846 334; x_wconf 89' lang='lat' dir='ltr'>compel-</span> 
     </span>
     <span class='ocr_line' id='line_1_3' title="bbox 321 339 1844 402; baseline 0.006 -23"><span class='ocrx_word' id='word_1_13' title='bbox 321 339 429 392; x_wconf 85' lang='lat' dir='ltr'>lare,</span> <span class='ocrx_word' id='word_1_14' title='bbox 476 339 686 380; x_wconf 81' lang='lat' dir='ltr'>sociorum</span> <span class='ocrx_word' id='word_1_15' title='bbox 726 340 872 394; x_wconf 84' lang='lat' dir='ltr'>culpas</span> <span class='ocrx_word' id='word_1_16' title='bbox 911 341 1087 383; x_wconf 79' lang='lat' dir='ltr'>edictis3</span> <span class='ocrx_word' id='word_1_17' title='bbox 1125 356 1339 397; x_wconf 84' lang='lat' dir='ltr'>coercere,</span> <span class='ocrx_word' id='word_1_18' title='bbox 1385 343 1613 386; x_wconf 87' lang='lat' dir='ltr'>benefacta</span> <span class='ocrx_word' id='word_1_19' title='bbox 1637 345 1844 402; x_wconf 78' lang='lat' dir='ltr'>laudare,</span> 
     </span>
     <span class='ocr_line' id='line_1_4' title="bbox 322 406 1847 468; baseline 0.006 -22"><span class='ocrx_word' id='word_1_20' title='bbox 322 406 544 447; x_wconf 86' lang='lat' dir='ltr'>seditiosos</span> <span class='ocrx_word' id='word_1_21' title='bbox 577 421 857 462; x_wconf 81' lang='lat' dir='ltr'>compescere,</span> <span class='ocrx_word' id='word_1_22' title='bbox 890 409 1052 451; x_wconf 87' lang='lat' dir='ltr'>feroces</span> <span class='ocrx_word' id='word_1_23' title='bbox 1081 410 1293 452; x_wconf 86' lang='lat' dir='ltr'>territare.</span> <span class='ocrx_word' id='word_1_24' title='bbox 1356 411 1513 453; x_wconf 88' lang='lat' dir='ltr'>Omnia</span> <span class='ocrx_word' id='word_1_25' title='bbox 1541 412 1626 454; x_wconf 88' lang='lat' dir='ltr'>ista</span> <span class='ocrx_word' id='word_1_26' title='bbox 1653 413 1847 468; x_wconf 85' lang='lat' dir='ltr'>profecto</span> 
     </span>
     <span class='ocr_line' id='line_1_5' title="bbox 319 474 1847 536; baseline 0.005 -21"><span class='ocrx_word' id='word_1_27' title='bbox 319 474 460 515; x_wconf 85' lang='lat' dir='ltr'>verbis</span> <span class='ocrx_word' id='word_1_28' title='bbox 501 476 602 515; x_wconf 91' lang='lat' dir='ltr'>sunt</span> <span class='ocrx_word' id='word_1_29' title='bbox 641 489 690 516; x_wconf 89' lang='lat' dir='ltr'>ac</span> <span class='ocrx_word' id='word_1_30' title='bbox 728 475 883 518; x_wconf 84' lang='lat' dir='ltr'>litteris</span> <span class='ocrx_word' id='word_1_31' title='bbox 923 477 1102 533; x_wconf 85' lang='lat' dir='ltr'>agenda.</span> <span class='ocrx_word' id='word_1_32' title='bbox 1164 477 1265 520; x_wconf 90' lang='lat' dir='ltr'>Non</span> <span class='ocrx_word' id='word_1_33' title='bbox 1303 478 1468 521; x_wconf 86' lang='lat' dir='ltr'>exc-oles</span> <span class='ocrx_word' id='word_1_34' title='bbox 1498 479 1632 535; x_wconf 84' lang='lat' dir='ltr'>igitur</span> <span class='ocrx_word' id='word_1_35' title='bbox 1661 480 1706 522; x_wconf 88' lang='lat' dir='ltr'>id</span> <span class='ocrx_word' id='word_1_36' title='bbox 1735 481 1847 536; x_wconf 90' lang='lat' dir='ltr'>quod</span> 
     </span>
     <span class='ocr_line' id='line_1_6' title="bbox 319 541 1848 602; baseline 0.005 -21"><span class='ocrx_word' id='word_1_37' title='bbox 319 541 396 582; x_wconf 89' lang='lat' dir='ltr'>tibi</span> <span class='ocrx_word' id='word_1_38' title='bbox 428 541 587 583; x_wconf 87' lang='lat' dir='ltr'>totiens</span> <span class='ocrx_word' id='word_1_39' title='bbox 624 543 842 599; x_wconf 88' lang='lat' dir='ltr'>tantisque</span> <span class='ocrx_word' id='word_1_40' title='bbox 878 545 925 586; x_wconf 94' lang='lat' dir='ltr'>in</span> <span class='ocrx_word' id='word_1_41' title='bbox 963 545 1088 587; x_wconf 88' lang='lat' dir='ltr'>rebus</span> <span class='ocrx_word' id='word_1_42' title='bbox 1127 545 1269 587; x_wconf 87' lang='lat' dir='ltr'>videas</span> <span class='ocrx_word' id='word_1_43' title='bbox 1308 561 1467 602; x_wconf 87' lang='lat' dir='ltr'>magno</span> <span class='ocrx_word' id='word_1_44' title='bbox 1496 548 1592 589; x_wconf 85' lang='lat' dir='ltr'>usui</span> <span class='ocrx_word' id='word_1_45' title='bbox 1621 547 1848 590; x_wconf 78' lang='lat' dir='ltr'>futurum?</span> 
     </span>
     <span class='ocr_line' id='line_1_7' title="bbox 319 608 1847 670; baseline 0.006 -22"><span class='ocrx_word' id='word_1_46' title='bbox 319 608 391 649; x_wconf 90' lang='lat' dir='ltr'>An</span> <span class='ocrx_word' id='word_1_47' title='bbox 422 608 531 649; x_wconf 85' lang='lat' dir='ltr'>nihil</span> <span class='ocrx_word' id='word_1_48' title='bbox 569 609 728 652; x_wconf 88' lang='lat' dir='ltr'>referre</span> <span class='ocrx_word' id='word_1_49' title='bbox 765 612 987 654; x_wconf 83' lang='lat' dir='ltr'>arbitraris</span> <span class='ocrx_word' id='word_1_50' title='bbox 1025 613 1220 668; x_wconf 87' lang='lat' dir='ltr'>qualibus</span> <span class='ocrx_word' id='word_1_51' title='bbox 1259 614 1399 655; x_wconf 89' lang='lat' dir='ltr'>verbis</span> <span class='ocrx_word' id='word_1_52' title='bbox 1437 629 1540 670; x_wconf 83' lang='lat' dir='ltr'>agas</span> <span class='ocrx_word' id='word_1_53' title='bbox 1555 648 1566 669; x_wconf 96' lang='lat'>,</span> <span class='ocrx_word' id='word_1_54' title='bbox 1614 629 1721 670; x_wconf 89' lang='lat' dir='ltr'>quae</span> <span class='ocrx_word' id='word_1_55' title='bbox 1758 630 1847 658; x_wconf 89' lang='lat' dir='ltr'>non</span> 
     </span>
     <span class='ocr_line' id='line_1_8' title="bbox 318 675 1847 737; baseline 0.007 -22"><span class='ocrx_word' id='word_1_56' title='bbox 318 675 400 716; x_wconf 85' lang='lat' dir='ltr'>nisi</span> <span class='ocrx_word' id='word_1_57' title='bbox 432 676 572 718; x_wconf 84' lang='lat' dir='ltr'>verbis</span> <span class='ocrx_word' id='word_1_58' title='bbox 604 679 674 733; x_wconf 84' lang='lat' dir='ltr'>agi</span> <span class='ocrx_word' id='word_1_59' title='bbox 705 679 915 733; x_wconf 80' lang='lat' dir='ltr'>possunt?</span> <span class='ocrx_word' id='word_1_60' title='bbox 973 680 1118 735; x_wconf 84' lang='lat' dir='ltr'>Erras,</span> <span class='ocrx_word' id='word_1_61' title='bbox 1162 681 1198 722; x_wconf 89' lang='lat' dir='ltr'>si</span> <span class='ocrx_word' id='word_1_62' title='bbox 1228 683 1354 736; x_wconf 88' lang='lat' dir='ltr'>putas</span> <span class='ocrx_word' id='word_1_63' title='bbox 1391 682 1487 737; x_wconf 86' lang='lat' dir='ltr'>pari</span> <span class='ocrx_word' id='word_1_64' title='bbox 1517 683 1772 725; x_wconf 84' lang='lat' dir='ltr'>auctoritate</span> <span class='ocrx_word' id='word_1_65' title='bbox 1800 684 1847 725; x_wconf 90' lang='lat' dir='ltr'>in</span> 
     </span>
     <span class='ocr_line' id='line_1_9' title="bbox 319 744 1847 805; baseline 0.006 -21"><span class='ocrx_word' id='word_1_66' title='bbox 319 745 471 785; x_wconf 79' lang='lat' dir='ltr'>senatu</span> <span class='ocrx_word' id='word_1_67' title='bbox 501 744 592 786; x_wconf 87' lang='lat' dir='ltr'>fore</span> <span class='ocrx_word' id='word_1_68' title='bbox 623 745 847 789; x_wconf 83' lang='lat' dir='ltr'>Thersitae</span> <span class='ocrx_word' id='word_1_69' title='bbox 877 748 1017 790; x_wconf 87' lang='lat' dir='ltr'>verbis</span> <span class='ocrx_word' id='word_1_70' title='bbox 1049 751 1343 804; x_wconf 76' lang='lat' dir='ltr'>expromptam</span> <span class='ocrx_word' id='word_1_71' title='bbox 1373 750 1654 805; x_wconf 88' lang='lat' dir='ltr'>sententiam,</span> <span class='ocrx_word' id='word_1_72' title='bbox 1687 753 1731 793; x_wconf 91' lang='lat' dir='ltr'>et</span> <span class='ocrx_word' id='word_1_73' title='bbox 1759 750 1847 793; x_wconf 86' lang='lat' dir='ltr'>Me-</span> 
     </span>
     <span class='ocr_line' id='line_1_10' title="bbox 317 811 1847 872; baseline 0.006 -20"><span class='ocrx_word' id='word_1_74' title='bbox 317 811 431 853; x_wconf 89' lang='lat' dir='ltr'>nelai</span> <span class='ocrx_word' id='word_1_75' title='bbox 471 814 546 854; x_wconf 89' lang='lat' dir='ltr'>aut</span> <span class='ocrx_word' id='word_1_76' title='bbox 585 812 702 855; x_wconf 88' lang='lat' dir='ltr'>Ulixi</span> <span class='ocrx_word' id='word_1_77' title='bbox 747 815 985 857; x_wconf 88' lang='lat' dir='ltr'>orationem</span> <span class='ocrx_word' id='word_1_78' title='bbox 997 825 1026 870; x_wconf 76' lang='lat'>³,</span> <span class='ocrx_word' id='word_1_79' title='bbox 1079 831 1257 872; x_wconf 89' lang='lat' dir='ltr'>quorum</span> <span class='ocrx_word' id='word_1_80' title='bbox 1293 816 1504 859; x_wconf 89' lang='lat' dir='ltr'>Homerus</span> <span class='ocrx_word' id='word_1_81' title='bbox 1542 821 1585 860; x_wconf 84' lang='lat' dir='ltr'>et</span> <span class='ocrx_word' id='word_1_82' title='bbox 1621 818 1763 861; x_wconf 90' lang='lat' dir='ltr'>vultus</span> <span class='ocrx_word' id='word_1_83' title='bbox 1800 819 1847 860; x_wconf 91' lang='lat' dir='ltr'>in</span> 
     </span>
    </p>
   </div>
   <div class='ocr_carea' id='block_1_3' title="bbox 246 877 1846 943">
    <p class='ocr_par' dir='ltr' id='par_1_3' title="bbox 246 877 1846 943">
     <span class='ocr_line' id='line_1_11' title="bbox 246 877 1846 943; baseline 0.006 -25"><span class='ocrx_word' id='word_1_84' title='bbox 246 911 255 916; x_wconf 59' lang='lat'><strong><em>„</em></strong></span> <span class='ocrx_word' id='word_1_85' title='bbox 319 880 486 934; x_wconf 86' lang='lat' dir='ltr'>agendo</span> <span class='ocrx_word' id='word_1_86' title='bbox 517 882 559 921; x_wconf 89' lang='lat' dir='ltr'>et</span> <span class='ocrx_word' id='word_1_87' title='bbox 598 880 770 923; x_wconf 90' lang='lat' dir='ltr'>habitus</span> <span class='ocrx_word' id='word_1_88' title='bbox 801 885 844 924; x_wconf 89' lang='lat' dir='ltr'>et</span> <span class='ocrx_word' id='word_1_89' title='bbox 874 885 1012 925; x_wconf 88' lang='lat' dir='ltr'>status</span> <span class='ocrx_word' id='word_1_90' title='bbox 1041 886 1084 925; x_wconf 88' lang='lat' dir='ltr'>et</span> <span class='ocrx_word' id='word_1_91' title='bbox 1114 899 1238 926; x_wconf 86' lang='lat' dir='ltr'>voces</span> <span class='ocrx_word' id='word_1_92' title='bbox 1272 877 1485 943; x_wconf 85' lang='lat' dir='ltr'>[ca]noras</span> <span class='ocrx_word' id='word_1_93' title='bbox 1518 901 1567 927; x_wconf 91' lang='lat' dir='ltr'>ac</span> <span class='ocrx_word' id='word_1_94' title='bbox 1597 886 1846 928; x_wconf 89' lang='lat' dir='ltr'>modulatio-</span> 
     </span>
    </p>
   </div>
   <div class='ocr_carea' id='block_1_4' title="bbox 317 946 1844 1005">
    <p class='ocr_par' dir='ltr' id='par_1_4' title="bbox 317 946 1844 1005">
     <span class='ocr_line' id='line_1_12' title="bbox 317 946 1844 1005; baseline 0.006 -18"><span class='ocrx_word' id='word_1_95' title='bbox 317 961 421 988; x_wconf 90' lang='lat' dir='ltr'>num</span> <span class='ocrx_word' id='word_1_96' title='bbox 452 946 718 1003; x_wconf 76' lang='lat' dir='ltr'>eloquentiae</span> <span class='ocrx_word' id='word_1_97' title='bbox 748 964 909 1005; x_wconf 87' lang='lat' dir='ltr'>genera</span> <span class='ocrx_word' id='word_1_98' title='bbox 940 951 1106 993; x_wconf 86' lang='lat' dir='ltr'>diversa</span> <span class='ocrx_word' id='word_1_99' title='bbox 1135 952 1319 994; x_wconf 68' lang='grc' dir='ltr'>Ποῐαυὶῑ4</span> <span class='ocrx_word' id='word_1_100' title='bbox 1348 953 1375 991; x_wconf 55' lang='grc' dir='ltr'>,ὃ</span> <span class='ocrx_word' id='word_1_101' title='bbox 1389 986 1844 995; x_wconf 90' lang='grc'><strong>...........</strong></span> 
     </span>
    </p>
   </div>
   <div class='ocr_carea' id='block_1_5' title="bbox 303 1019 1847 1480">
    <p class='ocr_par' dir='ltr' id='par_1_5' title="bbox 303 1019 1847 1414">
     <span class='ocr_line' id='line_1_13' title="bbox 320 1019 1847 1076; baseline 0.005 -20"><span class='ocrx_word' id='word_1_102' title='bbox 320 1047 1046 1060; x_wconf 78' lang='grc'><strong>.................</strong></span> <span class='ocrx_word' id='word_1_103' title='bbox 1062 1019 1127 1074; x_wconf 75' lang='lat'>15.</span> <span class='ocrx_word' id='word_1_104' title='bbox 1165 1053 1172 1061; x_wconf 93' lang='lat'>.</span> <span class='ocrx_word' id='word_1_105' title='bbox 1209 1053 1216 1061; x_wconf 95' lang='lat'>.</span> <span class='ocrx_word' id='word_1_106' title='bbox 1254 1054 1262 1062; x_wconf 92' lang='lat'>.</span> <span class='ocrx_word' id='word_1_107' title='bbox 1298 1053 1306 1061; x_wconf 90' lang='lat'>.</span> <span class='ocrx_word' id='word_1_108' title='bbox 1343 1053 1350 1061; x_wconf 91' lang='lat'>.</span> <span class='ocrx_word' id='word_1_109' title='bbox 1387 1053 1395 1062; x_wconf 95' lang='lat'>.</span> <span class='ocrx_word' id='word_1_110' title='bbox 1447 1019 1680 1076; x_wconf 83' lang='lat' dir='ltr'>Quisquam</span> <span class='ocrx_word' id='word_1_111' title='bbox 1708 1022 1847 1064; x_wconf 88' lang='lat' dir='ltr'>vereri</span> 
     </span>
     <span class='ocr_line' id='line_1_14' title="bbox 316 1085 1844 1148; baseline 0.005 -24"><span class='ocrx_word' id='word_1_112' title='bbox 316 1085 478 1137; x_wconf 89' lang='lat' dir='ltr'>potest,</span> <span class='ocrx_word' id='word_1_113' title='bbox 519 1098 644 1138; x_wconf 90' lang='lat' dir='ltr'>quem</span> <span class='ocrx_word' id='word_1_114' title='bbox 673 1085 931 1128; x_wconf 84' lang='lat' dir='ltr'>inridentius</span> <span class='ocrx_word' id='word_1_115' title='bbox 969 1101 1096 1141; x_wconf 89' lang='lat' dir='ltr'>quam</span> <span class='ocrx_word' id='word_1_116' title='bbox 1134 1087 1343 1130; x_wconf 86' lang='lat' dir='ltr'>dictorum</span> <span class='ocrx_word' id='word_1_117' title='bbox 1383 1086 1488 1145; x_wconf 87' lang='lat' dir='ltr'>[eius</span> <span class='ocrx_word' id='word_1_118' title='bbox 1527 1103 1654 1131; x_wconf 85' lang='lat' dir='ltr'>causa</span> <span class='ocrx_word' id='word_1_119' title='bbox 1689 1089 1803 1132; x_wconf 83' lang='lat' dir='ltr'>haud</span> <span class='ocrx_word' id='word_1_120' title='bbox 1812 1089 1844 1148; x_wconf 81' lang='lat'>⁶]</span> 
     </span>
     <span class='ocr_line' id='line_1_15' title="bbox 303 1152 1847 1213; baseline 0.004 -20"><span class='ocrx_word' id='word_1_121' title='bbox 303 1152 624 1206; x_wconf 72' lang='lat' dir='ltr'>,contempserit</span> <span class='ocrx_word' id='word_1_122' title='bbox 658 1187 1023 1196; x_wconf 86' lang='grc'><strong>.........</strong></span> <span class='ocrx_word' id='word_1_123' title='bbox 1060 1155 1182 1197; x_wconf 89' lang='lat' dir='ltr'>⁷cum</span> <span class='ocrx_word' id='word_1_124' title='bbox 1213 1189 1489 1198; x_wconf 91' lang='grc'><strong>.......</strong></span> <span class='ocrx_word' id='word_1_125' title='bbox 1521 1171 1654 1213; x_wconf 85' lang='lat' dir='ltr'>magn</span> <span class='ocrx_word' id='word_1_126' title='bbox 1679 1190 1687 1198; x_wconf 91' lang='lat'>.</span> <span class='ocrx_word' id='word_1_127' title='bbox 1713 1190 1721 1199; x_wconf 90' lang='lat'>.</span> <span class='ocrx_word' id='word_1_128' title='bbox 1755 1159 1847 1200; x_wconf 85' lang='lat' dir='ltr'>arte</span> 
     </span>
     <span class='ocr_line' id='line_1_16' title="bbox 316 1219 1846 1273; baseline 0.005 -14"><span class='ocrx_word' id='word_1_129' title='bbox 316 1219 460 1260; x_wconf 87' lang='lat' dir='ltr'>taceat</span> <span class='ocrx_word' id='word_1_130' title='bbox 494 1252 501 1260; x_wconf 93' lang='lat'>.</span> <span class='ocrx_word' id='word_1_131' title='bbox 538 1252 546 1261; x_wconf 91' lang='lat'>.</span> <span class='ocrx_word' id='word_1_132' title='bbox 584 1253 591 1261; x_wconf 95' lang='lat'>.</span> <span class='ocrx_word' id='word_1_133' title='bbox 624 1221 764 1273; x_wconf 85' lang='lat' dir='ltr'>inquit</span> <span class='ocrx_word' id='word_1_134' title='bbox 801 1236 856 1262; x_wconf 88' lang='lat' dir='ltr'>ne</span> <span class='ocrx_word' id='word_1_135' title='bbox 894 1223 937 1262; x_wconf 86' lang='lat' dir='ltr'>te</span> <span class='ocrx_word' id='word_1_136' title='bbox 975 1222 1037 1267; x_wconf 88' lang='lat' dir='ltr'>rei</span> <span class='ocrx_word' id='word_1_137' title='bbox 1075 1222 1161 1264; x_wconf 90' lang='lat' dir='ltr'>illis</span> <span class='ocrx_word' id='word_1_138' title='bbox 1191 1223 1234 1264; x_wconf 91' lang='lat' dir='ltr'>vi</span> <span class='ocrx_word' id='word_1_139' title='bbox 1267 1257 1589 1266; x_wconf 89' lang='grc'><strong>........</strong></span> <span class='ocrx_word' id='word_1_140' title='bbox 1622 1227 1719 1267; x_wconf 89' lang='lat' dir='ltr'>uter</span> <span class='ocrx_word' id='word_1_141' title='bbox 1749 1239 1846 1267; x_wconf 90' lang='lat' dir='ltr'>con-</span> 
     </span>
     <span class='ocr_line' id='line_1_17' title="bbox 317 1287 1843 1348; baseline 0.005 -21"><span class='ocrx_word' id='word_1_142' title='bbox 317 1287 517 1328; x_wconf 88' lang='lat' dir='ltr'>temnant</span> <span class='ocrx_word' id='word_1_143' title='bbox 542 1321 852 1330; x_wconf 89' lang='grc'><strong>........</strong></span> <span class='ocrx_word' id='word_1_144' title='bbox 864 1289 879 1315; x_wconf 72' lang='grc'>8</span> <span class='ocrx_word' id='word_1_145' title='bbox 919 1289 1056 1331; x_wconf 88' lang='lat' dir='ltr'>Nemo</span> <span class='ocrx_word' id='word_1_146' title='bbox 1083 1292 1208 1332; x_wconf 89' lang='lat' dir='ltr'>tanta</span> <span class='ocrx_word' id='word_1_147' title='bbox 1239 1292 1494 1333; x_wconf 79' lang='lat' dir='ltr'>auctoritate</span> <span class='ocrx_word' id='word_1_148' title='bbox 1526 1294 1604 1346; x_wconf 89' lang='lat' dir='ltr'>est,</span> <span class='ocrx_word' id='word_1_149' title='bbox 1637 1293 1711 1347; x_wconf 91' lang='lat' dir='ltr'>qui</span> <span class='ocrx_word' id='word_1_150' title='bbox 1740 1307 1843 1348; x_wconf 91' lang='lat' dir='ltr'>non,</span> 
     </span>
     <span class='ocr_line' id='line_1_18' title="bbox 318 1353 1842 1414; baseline 0.005 -20"><span class='ocrx_word' id='word_1_151' title='bbox 318 1353 390 1394; x_wconf 88' lang='lat' dir='ltr'>ubi</span> <span class='ocrx_word' id='word_1_152' title='bbox 420 1354 577 1408; x_wconf 89' lang='lat' dir='ltr'>peritia</span> <span class='ocrx_word' id='word_1_153' title='bbox 607 1357 816 1411; x_wconf 85' lang='lat' dir='ltr'>deficitur,</span> <span class='ocrx_word' id='word_1_154' title='bbox 850 1356 904 1397; x_wconf 88' lang='lat' dir='ltr'>ab</span> <span class='ocrx_word' id='word_1_155' title='bbox 936 1371 984 1398; x_wconf 90' lang='lat' dir='ltr'>eo</span> <span class='ocrx_word' id='word_1_156' title='bbox 1015 1357 1087 1412; x_wconf 92' lang='lat' dir='ltr'>qui</span> <span class='ocrx_word' id='word_1_157' title='bbox 1115 1358 1294 1412; x_wconf 87' lang='lat' dir='ltr'>peritior</span> <span class='ocrx_word' id='word_1_158' title='bbox 1324 1361 1388 1400; x_wconf 88' lang='lat' dir='ltr'>est</span> <span class='ocrx_word' id='word_1_159' title='bbox 1417 1359 1678 1414; x_wconf 85' lang='lat' dir='ltr'>despiciatur</span> <span class='ocrx_word' id='word_1_160' title='bbox 1701 1393 1710 1402; x_wconf 88' lang='lat'>.</span> <span class='ocrx_word' id='word_1_161' title='bbox 1746 1394 1752 1401; x_wconf 94' lang='lat'>.</span> <span class='ocrx_word' id='word_1_162' title='bbox 1790 1393 1798 1402; x_wconf 94' lang='lat'>.</span> <span class='ocrx_word' id='word_1_163' title='bbox 1835 1394 1842 1402; x_wconf 96' lang='lat'>.</span> 
     </span>
    </p>

    <p class='ocr_par' dir='ltr' id='par_1_6' title="bbox 355 1421 1843 1480">
     <span class='ocr_line' id='line_1_19' title="bbox 355 1421 1843 1480; baseline 0.005 -17"><span class='ocrx_word' id='word_1_164' title='bbox 355 1454 363 1462; x_wconf 92' lang='lat'>.</span> <span class='ocrx_word' id='word_1_165' title='bbox 390 1421 427 1462; x_wconf 76' lang='grc'>,9</span> <span class='ocrx_word' id='word_1_166' title='bbox 461 1422 672 1465; x_wconf 88' lang='lat' dir='ltr'>medebor.</span> <span class='ocrx_word' id='word_1_167' title='bbox 711 1426 880 1465; x_wconf 90' lang='lat' dir='ltr'>temnor</span> <span class='ocrx_word' id='word_1_168' title='bbox 910 1457 918 1465; x_wconf 93' lang='lat'>.</span> <span class='ocrx_word' id='word_1_169' title='bbox 956 1458 963 1464; x_wconf 95' lang='lat'>.</span> <span class='ocrx_word' id='word_1_170' title='bbox 1001 1458 1008 1465; x_wconf 92' lang='lat'>.</span> <span class='ocrx_word' id='word_1_171' title='bbox 1045 1458 1053 1465; x_wconf 89' lang='lat'>.</span> <span class='ocrx_word' id='word_1_172' title='bbox 1087 1439 1219 1480; x_wconf 81' lang='lat' dir='ltr'>gypso</span> <span class='ocrx_word' id='word_1_173' title='bbox 1250 1459 1481 1467; x_wconf 91' lang='grc'><strong>......</strong></span> <span class='ocrx_word' id='word_1_174' title='bbox 1514 1427 1664 1470; x_wconf 82' lang='lat' dir='ltr'>mersit</span> <span class='ocrx_word' id='word_1_175' title='bbox 1693 1461 1843 1470; x_wconf 91' lang='grc'><strong>.....</strong></span> 
     </span>
    </p>
   </div>
   <div class='ocr_carea' id='block_1_6' title="bbox 318 1488 1846 1548">
    <p class='ocr_par' dir='ltr' id='par_1_7' title="bbox 318 1488 1846 1548">
     <span class='ocr_line' id='line_1_20' title="bbox 318 1488 1846 1548; baseline 0.005 -18"><span class='ocrx_word' id='word_1_176' title='bbox 318 1488 459 1530; x_wconf 89' lang='lat' dir='ltr'>¹⁰Tibi</span> <span class='ocrx_word' id='word_1_177' title='bbox 488 1490 614 1531; x_wconf 89' lang='lat' dir='ltr'>tanta</span> <span class='ocrx_word' id='word_1_178' title='bbox 645 1491 888 1547; x_wconf 84' lang='lat' dir='ltr'>eloquentia</span> <span class='ocrx_word' id='word_1_179' title='bbox 918 1494 1043 1546; x_wconf 88' lang='lat' dir='ltr'>parta</span> <span class='ocrx_word' id='word_1_180' title='bbox 1074 1495 1159 1547; x_wconf 85' lang='lat' dir='ltr'>est,</span> <span class='ocrx_word' id='word_1_181' title='bbox 1198 1507 1307 1548; x_wconf 92' lang='lat' dir='ltr'>quae</span> <span class='ocrx_word' id='word_1_182' title='bbox 1338 1494 1391 1535; x_wconf 89' lang='lat' dir='ltr'>ad</span> <span class='ocrx_word' id='word_1_183' title='bbox 1421 1494 1590 1536; x_wconf 88' lang='lat' dir='ltr'>laudem</span> <span class='ocrx_word' id='word_1_184' title='bbox 1620 1495 1750 1536; x_wconf 90' lang='lat' dir='ltr'>etiam</span> <span class='ocrx_word' id='word_1_185' title='bbox 1781 1509 1846 1537; x_wconf 89' lang='lat' dir='ltr'>su-</span> 
     </span>
    </p>
   </div>
   <div class='ocr_carea' id='block_1_7' title="bbox 315 1616 586 1622">
    <p class='ocr_par' dir='ltr' id='par_1_8' title="bbox 315 1616 586 1622">
     <span class='ocr_line' id='line_1_21' title="bbox 315 1616 586 1622; baseline 0 0"><span class='ocrx_word' id='word_1_186' title='bbox 315 1616 586 1622; x_wconf 95' lang='lat' dir='ltr'> </span> 
     </span>
    </p>
   </div>
   <div class='ocr_carea' id='block_1_8' title="bbox 315 1693 1846 1850">
    <p class='ocr_par' dir='ltr' id='par_1_9' title="bbox 315 1693 1846 1850">
     <span class='ocr_line' id='line_1_22' title="bbox 429 1693 1846 1743; baseline 0.004 -16"><span class='ocrx_word' id='word_1_187' title='bbox 429 1704 451 1727; x_wconf 86' lang='lat' dir='ltr'>a</span> <span class='ocrx_word' id='word_1_188' title='bbox 476 1695 519 1727; x_wconf 84' lang='lat' dir='ltr'>In</span> <span class='ocrx_word' id='word_1_189' title='bbox 544 1696 711 1737; x_wconf 60' lang='lat' dir='ltr'>mar-gline:</span> <span class='ocrx_word' id='word_1_190' title='bbox 737 1693 821 1729; x_wconf 88' lang='lat' dir='ltr'>Non</span> <span class='ocrx_word' id='word_1_191' title='bbox 837 1694 952 1729; x_wconf 90' lang='lat' dir='ltr'>talem</span> <span class='ocrx_word' id='word_1_192' title='bbox 974 1694 1197 1731; x_wconf 85' lang='lat' dir='ltr'>auctoritate</span> <span class='ocrx_word' id='word_1_193' title='bbox 1222 1695 1418 1732; x_wconf 84' lang='lat' dir='ltr'>Thersitae</span> <span class='ocrx_word' id='word_1_194' title='bbox 1443 1697 1499 1731; x_wconf 85' lang='lat' dir='ltr'>est</span> <span class='ocrx_word' id='word_1_195' title='bbox 1523 1698 1744 1743; x_wconf 87' lang='lat' dir='ltr'>exprompta</span> <span class='ocrx_word' id='word_1_196' title='bbox 1767 1709 1846 1733; x_wconf 86' lang='lat' dir='ltr'>sen-</span> 
     </span>
     <span class='ocr_line' id='line_1_23' title="bbox 315 1749 1141 1793; baseline 0.006 -11"><span class='ocrx_word' id='word_1_197' title='bbox 315 1749 435 1784; x_wconf 84' lang='lat' dir='ltr'>tentia</span> <span class='ocrx_word' id='word_1_198' title='bbox 460 1760 572 1793; x_wconf 86' lang='lat' dir='ltr'>quam</span> <span class='ocrx_word' id='word_1_199' title='bbox 595 1749 756 1785; x_wconf 86' lang='lat' dir='ltr'>Menelai</span> <span class='ocrx_word' id='word_1_200' title='bbox 779 1751 845 1785; x_wconf 88' lang='lat' dir='ltr'>aut</span> <span class='ocrx_word' id='word_1_201' title='bbox 868 1750 985 1785; x_wconf 86' lang='lat' dir='ltr'>Ulixis</span> <span class='ocrx_word' id='word_1_202' title='bbox 1011 1752 1141 1787; x_wconf 90' lang='lat' dir='ltr'>oratio.</span> 
     </span>
     <span class='ocr_line' id='line_1_24' title="bbox 428 1806 1716 1850; baseline 0.004 -10"><span class='ocrx_word' id='word_1_203' title='bbox 428 1806 453 1839; x_wconf 90' lang='lat' dir='ltr'>b</span> <span class='ocrx_word' id='word_1_204' title='bbox 479 1809 524 1840; x_wconf 86' lang='lat' dir='ltr'>In</span> <span class='ocrx_word' id='word_1_205' title='bbox 548 1810 714 1850; x_wconf 65' lang='lat' dir='ltr'>margine:</span> <span class='ocrx_word' id='word_1_206' title='bbox 747 1806 849 1848; x_wconf 76' lang='lat' dir='ltr'>Quae</span> <span class='ocrx_word' id='word_1_207' title='bbox 875 1818 933 1842; x_wconf 87' lang='lat' dir='ltr'>res</span> <span class='ocrx_word' id='word_1_208' title='bbox 958 1808 1222 1844; x_wconf 87' lang='lat' dir='ltr'>auctoritatem</span> <span class='ocrx_word' id='word_1_209' title='bbox 1245 1812 1487 1844; x_wconf 80' lang='lat' dir='ltr'>sententiarum</span> <span class='ocrx_word' id='word_1_210' title='bbox 1510 1809 1716 1845; x_wconf 88' lang='lat' dir='ltr'>imminuat.</span> 
     </span>
    </p>
   </div>
   <div class='ocr_carea' id='block_1_9' title="bbox 318 1899 590 1905">
    <p class='ocr_par' dir='ltr' id='par_1_10' title="bbox 318 1899 590 1905">
     <span class='ocr_line' id='line_1_25' title="bbox 318 1899 590 1905; baseline 0 0"><span class='ocrx_word' id='word_1_211' title='bbox 318 1899 590 1905; x_wconf 95' lang='lat' dir='ltr'> </span> 
     </span>
    </p>
   </div>
   <div class='ocr_carea' id='block_1_10' title="bbox 315 1951 1846 2901">
    <p class='ocr_par' dir='ltr' id='par_1_11' title="bbox 432 1951 692 1988">
     <span class='ocr_line' id='line_1_26' title="bbox 432 1951 692 1988; baseline 0.004 -1"><span class='ocrx_word' id='word_1_212' title='bbox 432 1957 448 1987; x_wconf 93' lang='lat'>1</span> <span class='ocrx_word' id='word_1_213' title='bbox 474 1953 533 1987; x_wconf 91' lang='lat' dir='ltr'>Ita</span> <span class='ocrx_word' id='word_1_214' title='bbox 558 1951 692 1988; x_wconf 87' lang='lat' dir='ltr'>Codex.</span> 
     </span>
    </p>

    <p class='ocr_par' dir='ltr' id='par_1_12' title="bbox 315 2009 1846 2101">
     <span class='ocr_line' id='line_1_27' title="bbox 429 2009 1846 2059; baseline 0.004 -16"><span class='ocrx_word' id='word_1_215' title='bbox 429 2013 449 2043; x_wconf 79' lang='lat'><strong>2</strong></span> <span class='ocrx_word' id='word_1_216' title='bbox 474 2009 678 2054; x_wconf 86' lang='lat' dir='ltr'>Perperam</span> <span class='ocrx_word' id='word_1_217' title='bbox 707 2009 843 2045; x_wconf 79' lang='lat' dir='ltr'>Maius:</span> <span class='ocrx_word' id='word_1_218' title='bbox 885 2015 975 2055; x_wconf 55' lang='lat' dir='ltr'>leges</span> <span class='ocrx_word' id='word_1_219' title='bbox 1000 2018 1199 2047; x_wconf 75' lang='lat' dir='ltr'>ceterarum.</span> <span class='ocrx_word' id='word_1_220' title='bbox 1247 2011 1376 2047; x_wconf 82' lang='lat' dir='ltr'>Prima</span> <span class='ocrx_word' id='word_1_221' title='bbox 1400 2012 1529 2048; x_wconf 83' lang='lat' dir='ltr'>littera</span> <span class='ocrx_word' id='word_1_222' title='bbox 1554 2013 1722 2049; x_wconf 88' lang='lat' dir='ltr'>vocabuli</span> <span class='ocrx_word' id='word_1_223' title='bbox 1746 2026 1846 2059; x_wconf 67' lang='lat' dir='ltr'>reyes</span> 
     </span>
     <span class='ocr_line' id='line_1_28' title="bbox 315 2065 576 2101; baseline 0 -1"><span class='ocrx_word' id='word_1_224' title='bbox 315 2065 392 2101; x_wconf 86' lang='lat' dir='ltr'>fere</span> <span class='ocrx_word' id='word_1_225' title='bbox 418 2066 576 2101; x_wconf 90' lang='lat' dir='ltr'>evanuit.</span> 
     </span>
    </p>

    <p class='ocr_par' dir='ltr' id='par_1_13' title="bbox 429 2122 972 2167">
     <span class='ocr_line' id='line_1_29' title="bbox 429 2122 972 2167; baseline -0.002 -9"><span class='ocrx_word' id='word_1_226' title='bbox 429 2127 450 2158; x_wconf 90' lang='lat'><strong>3</strong></span> <span class='ocrx_word' id='word_1_227' title='bbox 474 2122 677 2167; x_wconf 89' lang='lat' dir='ltr'>Perperam</span> <span class='ocrx_word' id='word_1_228' title='bbox 699 2122 837 2158; x_wconf 88' lang='lat' dir='ltr'>Maius:</span> <span class='ocrx_word' id='word_1_229' title='bbox 863 2127 972 2159; x_wconf 77' lang='lat' dir='ltr'>dietis.</span> 
     </span>
    </p>

    <p class='ocr_par' dir='ltr' id='par_1_14' title="bbox 318 2178 1844 2337">
     <span class='ocr_line' id='line_1_30' title="bbox 430 2178 1844 2224; baseline 0.004 -11"><span class='ocrx_word' id='word_1_230' title='bbox 430 2183 451 2212; x_wconf 87' lang='grc'>4</span> <span class='ocrx_word' id='word_1_231' title='bbox 474 2179 533 2214; x_wconf 85' lang='lat' dir='ltr'>Ita</span> <span class='ocrx_word' id='word_1_232' title='bbox 558 2190 640 2214; x_wconf 90' lang='lat' dir='ltr'>cum</span> <span class='ocrx_word' id='word_1_233' title='bbox 656 2178 871 2214; x_wconf 86' lang='lat' dir='ltr'>Heindorfio</span> <span class='ocrx_word' id='word_1_234' title='bbox 895 2179 1025 2223; x_wconf 81' lang='lat' dir='ltr'>Maius,</span> <span class='ocrx_word' id='word_1_235' title='bbox 1051 2180 1114 2224; x_wconf 86' lang='lat' dir='ltr'>qui</span> <span class='ocrx_word' id='word_1_236' title='bbox 1137 2181 1264 2215; x_wconf 90' lang='lat' dir='ltr'>tamen</span> <span class='ocrx_word' id='word_1_237' title='bbox 1287 2180 1326 2215; x_wconf 91' lang='lat' dir='ltr'>in</span> <span class='ocrx_word' id='word_1_238' title='bbox 1343 2179 1476 2216; x_wconf 80' lang='lat' dir='ltr'>Codice</span> <span class='ocrx_word' id='word_1_239' title='bbox 1500 2181 1626 2216; x_wconf 87' lang='lat' dir='ltr'>videre</span> <span class='ocrx_word' id='word_1_240' title='bbox 1652 2181 1723 2216; x_wconf 85' lang='lat' dir='ltr'>sibi</span> <span class='ocrx_word' id='word_1_241' title='bbox 1745 2181 1844 2218; x_wconf 83' lang='lat' dir='ltr'>visus</span> 
     </span>
     <span class='ocr_line' id='line_1_31' title="bbox 318 2234 1842 2282; baseline 0.002 -11"><span class='ocrx_word' id='word_1_242' title='bbox 318 2235 390 2271; x_wconf 78' lang='lat' dir='ltr'>est:</span> <span class='ocrx_word' id='word_1_243' title='bbox 417 2248 482 2270; x_wconf 80' lang='lat' dir='ltr'>non</span> <span class='ocrx_word' id='word_1_244' title='bbox 507 2239 663 2281; x_wconf 81' lang='lat' dir='ltr'>denique.</span> <span class='ocrx_word' id='word_1_245' title='bbox 712 2234 870 2280; x_wconf 81' lang='lat' dir='ltr'>Supplet</span> <span class='ocrx_word' id='word_1_246' title='bbox 892 2236 1141 2271; x_wconf 81' lang='lat' dir='ltr'>Heindorfius:</span> <span class='ocrx_word' id='word_1_247' title='bbox 1177 2240 1331 2282; x_wconf 85' lang='lat' dir='ltr'>Denique</span> <span class='ocrx_word' id='word_1_248' title='bbox 1355 2240 1545 2282; x_wconf 76' lang='lat' dir='ltr'>principum</span> <span class='ocrx_word' id='word_1_249' title='bbox 1569 2242 1673 2273; x_wconf 83' lang='lat' dir='ltr'>eliam·</span> <span class='ocrx_word' id='word_1_250' title='bbox 1693 2243 1842 2274; x_wconf 78' lang='lat' dir='ltr'>auctori-</span> 
     </span>
     <span class='ocr_line' id='line_1_32' title="bbox 318 2295 928 2337; baseline 0.002 -11"><span class='ocrx_word' id='word_1_251' title='bbox 318 2298 418 2327; x_wconf 80' lang='lat' dir='ltr'>tatem</span> <span class='ocrx_word' id='word_1_252' title='bbox 443 2295 623 2337; x_wconf 79' lang='lat' dir='ltr'>eloquendi</span> <span class='ocrx_word' id='word_1_253' title='bbox 644 2296 759 2327; x_wconf 79' lang='lat' dir='ltr'>minuit</span> <span class='ocrx_word' id='word_1_254' title='bbox 783 2296 928 2327; x_wconf 78' lang='lat' dir='ltr'>inscitia.</span> 
     </span>
    </p>

    <p class='ocr_par' dir='ltr' id='par_1_15' title="bbox 316 2347 1844 2450">
     <span class='ocr_line' id='line_1_33' title="bbox 430 2347 1844 2396; baseline 0.004 -14"><span class='ocrx_word' id='word_1_255' title='bbox 430 2351 451 2383; x_wconf 87' lang='lat'>5</span> <span class='ocrx_word' id='word_1_256' title='bbox 476 2347 651 2392; x_wconf 89' lang='lat' dir='ltr'>Sequitur</span> <span class='ocrx_word' id='word_1_257' title='bbox 675 2347 763 2383; x_wconf 88' lang='lat' dir='ltr'>Cod.</span> <span class='ocrx_word' id='word_1_258' title='bbox 789 2360 825 2394; x_wconf 89' lang='lat' dir='ltr'>p.</span> <span class='ocrx_word' id='word_1_259' title='bbox 852 2353 934 2393; x_wconf 83' lang='lat'>395,</span> <span class='ocrx_word' id='word_1_260' title='bbox 971 2360 1065 2394; x_wconf 89' lang='lat' dir='ltr'>quae</span> <span class='ocrx_word' id='word_1_261' title='bbox 1089 2349 1232 2385; x_wconf 85' lang='lat' dir='ltr'>interiit</span> <span class='ocrx_word' id='word_1_262' title='bbox 1255 2351 1408 2396; x_wconf 88' lang='lat' dir='ltr'>praeter</span> <span class='ocrx_word' id='word_1_263' title='bbox 1432 2361 1493 2394; x_wconf 89' lang='lat' dir='ltr'>ea,</span> <span class='ocrx_word' id='word_1_264' title='bbox 1524 2361 1619 2395; x_wconf 86' lang='lat' dir='ltr'>quae</span> <span class='ocrx_word' id='word_1_265' title='bbox 1643 2351 1782 2387; x_wconf 83' lang='lat' dir='ltr'>amicus</span> <span class='ocrx_word' id='word_1_266' title='bbox 1805 2351 1844 2386; x_wconf 90' lang='lat' dir='ltr'>in</span> 
     </span>
     <span class='ocr_line' id='line_1_34' title="bbox 316 2404 793 2450; baseline 0.002 -12"><span class='ocrx_word' id='word_1_267' title='bbox 316 2404 484 2449; x_wconf 86' lang='lat' dir='ltr'>margine</span> <span class='ocrx_word' id='word_1_268' title='bbox 508 2404 634 2449; x_wconf 86' lang='lat' dir='ltr'>legere</span> <span class='ocrx_word' id='word_1_269' title='bbox 658 2404 793 2450; x_wconf 85' lang='lat' dir='ltr'>potuit.</span> 
     </span>
    </p>

    <p class='ocr_par' dir='ltr' id='par_1_16' title="bbox 318 2459 1844 2552">
     <span class='ocr_line' id='line_1_35' title="bbox 430 2459 1844 2509; baseline 0.003 -14"><span class='ocrx_word' id='word_1_270' title='bbox 430 2464 450 2495; x_wconf 88' lang='grc'><strong>6</strong></span> <span class='ocrx_word' id='word_1_271' title='bbox 476 2459 784 2506; x_wconf 86' lang='lat' dir='ltr'>Supplementum</span> <span class='ocrx_word' id='word_1_272' title='bbox 808 2461 913 2506; x_wconf 84' lang='lat' dir='ltr'>Maii,</span> <span class='ocrx_word' id='word_1_273' title='bbox 939 2462 1039 2506; x_wconf 88' lang='lat' dir='ltr'>quod</span> <span class='ocrx_word' id='word_1_274' title='bbox 1062 2463 1190 2498; x_wconf 88' lang='lat' dir='ltr'>tamen</span> <span class='ocrx_word' id='word_1_275' title='bbox 1213 2473 1288 2498; x_wconf 91' lang='lat' dir='ltr'>non</span> <span class='ocrx_word' id='word_1_276' title='bbox 1313 2463 1486 2499; x_wconf 84' lang='lat' dir='ltr'>convenit</span> <span class='ocrx_word' id='word_1_277' title='bbox 1511 2475 1594 2499; x_wconf 88' lang='lat' dir='ltr'>cum</span> <span class='ocrx_word' id='word_1_278' title='bbox 1617 2463 1782 2509; x_wconf 86' lang='lat' dir='ltr'>vestigiis</span> <span class='ocrx_word' id='word_1_279' title='bbox 1804 2463 1844 2499; x_wconf 90' lang='lat' dir='ltr'>in</span> 
     </span>
     <span class='ocr_line' id='line_1_36' title="bbox 318 2517 1446 2552; baseline 0 0"><span class='ocrx_word' id='word_1_280' title='bbox 318 2517 462 2552; x_wconf 83' lang='lat' dir='ltr'>Codice.</span> <span class='ocrx_word' id='word_1_281' title='bbox 1443 2537 1446 2539; x_wconf 61' lang='lat'>&gt;</span> 
     </span>
    </p>

    <p class='ocr_par' dir='ltr' id='par_1_17' title="bbox 431 2571 1299 2620">
     <span class='ocr_line' id='line_1_37' title="bbox 431 2571 1299 2620; baseline 0.003 -13"><span class='ocrx_word' id='word_1_282' title='bbox 431 2578 449 2608; x_wconf 82' lang='lat'><strong>7</strong></span> <span class='ocrx_word' id='word_1_283' title='bbox 476 2571 584 2615; x_wconf 82' lang='lat' dir='ltr'>Quod.</span> <span class='ocrx_word' id='word_1_284' title='bbox 607 2574 774 2618; x_wconf 85' lang='lat' dir='ltr'>sequitur</span> <span class='ocrx_word' id='word_1_285' title='bbox 797 2573 935 2620; x_wconf 86' lang='lat' dir='ltr'>legitur</span> <span class='ocrx_word' id='word_1_286' title='bbox 957 2575 996 2610; x_wconf 91' lang='lat' dir='ltr'>in</span> <span class='ocrx_word' id='word_1_287' title='bbox 1019 2575 1094 2611; x_wconf 91' lang='lat' dir='ltr'>imo</span> <span class='ocrx_word' id='word_1_288' title='bbox 1118 2575 1299 2620; x_wconf 82' lang='lat' dir='ltr'>margine.</span> 
     </span>
    </p>

    <p class='ocr_par' dir='ltr' id='par_1_18' title="bbox 316 2630 1844 2789">
     <span class='ocr_line' id='line_1_38' title="bbox 429 2630 1844 2680; baseline 0.004 -16"><span class='ocrx_word' id='word_1_289' title='bbox 429 2633 450 2665; x_wconf 89' lang='grc'>8</span> <span class='ocrx_word' id='word_1_290' title='bbox 474 2630 516 2664; x_wconf 91' lang='lat' dir='ltr'>In</span> <span class='ocrx_word' id='word_1_291' title='bbox 539 2640 682 2666; x_wconf 89' lang='lat' dir='ltr'>summo</span> <span class='ocrx_word' id='word_1_292' title='bbox 707 2631 876 2676; x_wconf 87' lang='lat' dir='ltr'>margine</span> <span class='ocrx_word' id='word_1_293' title='bbox 903 2632 1094 2667; x_wconf 89' lang='lat' dir='ltr'>columnae</span> <span class='ocrx_word' id='word_1_294' title='bbox 1120 2632 1283 2667; x_wconf 81' lang='lat' dir='ltr'>alterius.</span> <span class='ocrx_word' id='word_1_295' title='bbox 1332 2632 1588 2668; x_wconf 79' lang='lat' dir='ltr'>Berolinenses</span> <span class='ocrx_word' id='word_1_296' title='bbox 1621 2633 1684 2677; x_wconf 89' lang='lat' dir='ltr'>qui</span> <span class='ocrx_word' id='word_1_297' title='bbox 1707 2633 1844 2680; x_wconf 61' lang='lat' dir='ltr'>nescie,</span> 
     </span>
     <span class='ocr_line' id='line_1_39' title="bbox 316 2684 1843 2733; baseline 0.003 -13"><span class='ocrx_word' id='word_1_298' title='bbox 316 2684 409 2721; x_wconf 87' lang='lat' dir='ltr'>bant</span> <span class='ocrx_word' id='word_1_299' title='bbox 431 2685 524 2721; x_wconf 88' lang='lat' dir='ltr'>haec</span> <span class='ocrx_word' id='word_1_300' title='bbox 548 2686 672 2722; x_wconf 86' lang='lat' dir='ltr'>omnia</span> <span class='ocrx_word' id='word_1_301' title='bbox 696 2698 715 2722; x_wconf 88' lang='lat' dir='ltr'>e</span> <span class='ocrx_word' id='word_1_302' title='bbox 740 2687 909 2733; x_wconf 84' lang='lat' dir='ltr'>margine</span> <span class='ocrx_word' id='word_1_303' title='bbox 935 2688 1105 2724; x_wconf 85' lang='lat' dir='ltr'>desumta</span> <span class='ocrx_word' id='word_1_304' title='bbox 1121 2699 1211 2733; x_wconf 85' lang='lat' dir='ltr'>esse,</span> <span class='ocrx_word' id='word_1_305' title='bbox 1237 2687 1431 2724; x_wconf 84' lang='lat' dir='ltr'>fallacibus</span> <span class='ocrx_word' id='word_1_306' title='bbox 1457 2688 1677 2725; x_wconf 79' lang='lat' dir='ltr'>coniecturis</span> <span class='ocrx_word' id='word_1_307' title='bbox 1702 2690 1768 2725; x_wconf 84' lang='lat' dir='ltr'>sed</span> <span class='ocrx_word' id='word_1_308' title='bbox 1790 2690 1843 2725; x_wconf 90' lang='lat' dir='ltr'>in-</span> 
     </span>
     <span class='ocr_line' id='line_1_40' title="bbox 320 2740 1208 2789; baseline 0.006 -13"><span class='ocrx_word' id='word_1_309' title='bbox 320 2740 480 2786; x_wconf 84' lang='lat' dir='ltr'>geniosis</span> <span class='ocrx_word' id='word_1_310' title='bbox 504 2742 629 2778; x_wconf 87' lang='lat' dir='ltr'>lacera</span> <span class='ocrx_word' id='word_1_311' title='bbox 652 2744 868 2789; x_wconf 85' lang='lat' dir='ltr'>fragmenta</span> <span class='ocrx_word' id='word_1_312' title='bbox 892 2744 1208 2781; x_wconf 86' lang='lat' dir='ltr'>consarcinarunt.</span> 
     </span>
    </p>

    <p class='ocr_par' dir='ltr' id='par_1_19' title="bbox 429 2798 817 2845">
     <span class='ocr_line' id='line_1_41' title="bbox 429 2798 817 2845; baseline 0.01 -13"><span class='ocrx_word' id='word_1_313' title='bbox 429 2802 448 2833; x_wconf 87' lang='lat'>9</span> <span class='ocrx_word' id='word_1_314' title='bbox 472 2798 515 2833; x_wconf 90' lang='lat' dir='ltr'>In</span> <span class='ocrx_word' id='word_1_315' title='bbox 537 2798 612 2834; x_wconf 91' lang='lat' dir='ltr'>imo</span> <span class='ocrx_word' id='word_1_316' title='bbox 637 2800 817 2845; x_wconf 85' lang='lat' dir='ltr'>margine.</span> 
     </span>
    </p>

    <p class='ocr_par' dir='ltr' id='par_1_20' title="bbox 410 2854 1053 2901">
     <span class='ocr_line' id='line_1_42' title="bbox 410 2854 1053 2901; baseline 0.006 -12"><span class='ocrx_word' id='word_1_317' title='bbox 410 2858 450 2890; x_wconf 82' lang='lat'>10</span> <span class='ocrx_word' id='word_1_318' title='bbox 473 2854 574 2890; x_wconf 88' lang='lat' dir='ltr'>Haec</span> <span class='ocrx_word' id='word_1_319' title='bbox 599 2857 855 2901; x_wconf 86' lang='lat' dir='ltr'>apparuerunt</span> <span class='ocrx_word' id='word_1_320' title='bbox 875 2856 914 2892; x_wconf 91' lang='lat' dir='ltr'>in</span> <span class='ocrx_word' id='word_1_321' title='bbox 937 2858 1053 2893; x_wconf 88' lang='lat' dir='ltr'>textu.</span> 
     </span>
    </p>
   </div>
  </div>
 </body>
</html>
