1968 3158
667 149 733 186 AD
758 148 1055 187 ANTONINUM
1079 149 1210 187 PlUM.
1627 152 1703 195 171

94 272 97 273 ’
166 265 284 311 inter
312 265 418 308 duos
449 265 584 307 bonos
605 265 717 307 viros
737 263 938 307 nonnihil
959 268 1104 308 tamen
1136 264 1316 308 distare:
1347 265 1459 321 quod
1479 267 1707 321 propterea

169 332 340 377 facilius
362 333 472 388 dico,
505 333 709 390 quoniam
730 332 866 388 illum,
900 332 968 376 cui
992 333 1176 375 amicum
1192 347 1332 376 meum
1355 335 1586 391 antepono,
1618 348 1705 376 non

167 401 402 445 nominavi.
1526 444 1529 447 .

283 469 505 513 Postremo
536 469 691 525 dicam,
724 469 936 526 quomodo
966 469 1221 525 simplicitas
1251 485 1346 513 mea
1378 471 1421 513 et
1451 469 1608 513 veritas
1639 485 1706 513 me

169 538 310 581 dicere
340 538 595 581 hortantur¹
626 539 669 581 et
699 537 856 580 fiducia
887 538 1044 580 amoris
1075 552 1179 594 erga
1209 540 1253 580 te
1284 540 1381 594 mei,
1415 539 1608 595 profecto
1639 554 1706 582 ae-

168 601 293 663 quius
325 621 417 649 esse
447 605 569 649 illum
599 620 766 663 quoque
796 607 972 662 propter
1002 620 1070 647 me
1100 605 1346 661 impetrare.

206 726 211 733 ἡ
283 674 500 718 Memento
538 674 692 729 etiam,
738 674 922 716 Domine
961 674 1086 730 Imp„
1134 689 1230 716 eum
1269 673 1340 716 ille
1379 690 1473 717 meo
1513 675 1706 731 exemplo

169 745 309 800 petet,
348 757 416 785 me
446 742 621 785 biemiio
651 741 733 784 hoc
763 741 935 798 petisse.
997 742 1140 798 Igitur
1170 741 1233 784 illi
1265 757 1447 798 quoque,
1480 743 1515 784 si
1547 743 1706 786 videbi·

169 813 254 867 tur,
287 812 386 867 post
414 810 638 853 biennium
667 810 781 853 dato.

283 877 452 921 Fecerit
481 878 675 935 exemplo
705 879 874 934 nostro,
914 879 950 921 si
987 878 1079 935 ipse
1116 893 1283 935 quoque
1321 894 1365 921 se
1395 879 1474 921 tibi
1505 879 1705 936 impetra-

170 946 279 989 verit
313 960 515 989 excusare
526 947 556 989 ².

289 1099 304 1130 1
334 1093 474 1131 Codex:
501 1098 661 1130 hortatur
685 1095 723 1130 et
746 1094 904 1131 fortasse
928 1095 1097 1130 hortatur.

283 1157 304 1188 2
330 1151 543 1197 Sequuntur
559 1155 635 1187 tres
651 1154 863 1198 postremae
881 1150 1074 1198 epistolae,
1100 1161 1194 1197 quas
1211 1151 1370 1188 vidimus
1386 1152 1424 1187 in
1438 1152 1573 1188 Indice.
1605 1152 1708 1195 Quae

171 1221 254 1245 cum
279 1208 392 1245 eiiam
417 1208 592 1254 legantur
615 1207 653 1243 in
677 1208 774 1244 libro
798 1207 960 1244 seeundo
986 1207 1035 1243 ad
1058 1207 1218 1252 Amicos,
1242 1208 1329 1244 illuc
1354 1220 1438 1244 cum
1461 1208 1561 1245 Maio
1587 1209 1708 1252 retuli,

171 1265 259 1312 quia
288 1276 363 1301 non
392 1265 503 1301 datae
539 1265 625 1300 sunt
654 1265 703 1301 ad
734 1264 963 1301 Antoninum
993 1264 1111 1300 Pium.
1160 1264 1218 1300 Ibi
1241 1265 1357 1311 igitur
1382 1265 1563 1311 adscripsi
1587 1265 1709 1301 varias

169 1322 365 1366 lectiones,
404 1333 496 1368 quas
525 1321 691 1358 invenire
720 1321 846 1368 potuit
877 1332 981 1357 meus
1012 1318 1171 1366 anficus,
1207 1334 1295 1358 nam
1325 1323 1518 1369 postrema
1550 1322 1709 1368 epistola

170 1390 321 1426 prorsus
351 1378 494 1415 interiit
525 1379 563 1415 et
586 1378 750 1415 maxima
773 1391 862 1425 pars
884 1378 1114 1425 penultimae
1140 1378 1331 1425 epistolae.
1381 1380 1423 1414 In
1453 1380 1622 1415 extrema
1644 1391 1709 1425 pa-

171 1436 263 1483 gina
287 1440 364 1480 340,
389 1447 502 1481 quam
526 1436 638 1471 modo
664 1435 854 1482 descripsi,
878 1436 1055 1482 leguntur
1079 1435 1203 1482 prima
1228 1436 1342 1472 verba
1367 1436 1548 1483 epistolae
1565 1440 1707 1481 Leyam,

168 1497 237 1538 filae‘:
262 1493 466 1538 sequuntur
490 1493 652 1538 paginae
676 1497 743 1529 339
768 1493 806 1528 et
822 1497 900 1537 338,
926 1504 1022 1537 quae
1045 1503 1199 1539 prorsus
1225 1503 1420 1537 evanuere,
1443 1493 1708 1539 praeterquam

173 1550 273 1595 quod
297 1549 336 1584 in
360 1549 480 1585 altera
504 1549 676 1586 columna
698 1561 734 1595 p.
761 1553 828 1586 338
850 1549 971 1586 Maius
996 1549 1090 1585 vidit
1113 1549 1245 1585 verba:
1286 1553 1375 1595 Legi
1402 1553 1597 1585 Emendavi.
1647 1549 1708 1585 Se-

173 1606 300 1652 quitur
322 1619 359 1652 p.
386 1608 469 1650 337,
500 1617 596 1650 quae
621 1605 788 1642 continet
810 1605 1066 1652 Epistularum
1095 1606 1144 1642 ad
1167 1605 1316 1641 Amicos
1340 1606 1443 1642 Libri
1473 1606 1586 1652 primi
1610 1605 1708 1641 Indi—

173 1673 271 1707 oem,
308 1661 430 1708 capite
462 1662 693 1698 truncatum:
734 1674 868 1708 nempe
900 1662 1078 1698 excidisse
1104 1661 1277 1698 videntur
1299 1662 1408 1699 initia
1431 1663 1545 1698 trium
1575 1663 1709 1709 episto-

172 1719 303 1756 larum.
328 1718 471 1755 ‘Maius
494 1719 532 1754 in
557 1718 771 1756 ordinandis
800 1718 897 1755 foliis
921 1719 1070 1755 erravit.
1404 1712 1406 1715 ¹
