1968 3158
331 161 396 197 AD
421 158 593 195 VERUM
615 157 778 195 IMPER.
804 155 1058 194 AURELIUM
1082 153 1341 192 CAESAREM
1363 152 1509 190 LIBER
1533 152 1558 188 I.
1674 151 1756 194 113

709 457 803 512 (M.
832 456 1262 512 FRONTONIS

315 572 770 649 EPISTULARUM
804 572 893 620 AD
930 570 1156 619 VERUM
1192 568 1655 618 IMPERATOREM

632 651 972 701 AURELIUM
1007 649 1348 699 CAESAREM

804 762 1060 806 LIBER
1111 763 1167 818 I.)

780 912 1004 971 (Domino
1034 911 1174 967 Meo.)
1189 911 1200 936 ¹

418 1042 426 1050 .
475 1006 554 1063 Sit,
587 1006 701 1063 quod
731 1005 868 1062 iubes,
901 1006 1069 1048 rectum
1098 1003 1285 1046 fortasse
1316 1002 1390 1045 sed
1422 1011 1584 1044 serum:
1624 1017 1763 1058 neque

214 1078 330 1121 enim
350 1077 509 1131 omnia,
542 1090 652 1132 quae
673 1074 785 1117 ratio
816 1073 1023 1130 postulat,
1058 1072 1193 1115 etiam
1215 1073 1335 1114 aetas
1356 1071 1527 1113 tolerat.
1549 1097 1606 1103 ——
1627 1072 1700 1113 An
1715 1073 1764 1112 tu

215 1161 398 1202 cycnum
430 1159 557 1201 coges
587 1145 635 1187 in
662 1143 816 1187 ultima
838 1142 1040 1185 cantione
1063 1141 1283 1184 cornicum
1303 1139 1478 1182 voculas
1500 1138 1764 1182 aemulan-iv

462 1247 469 1255 .
536 1212 709 1269 ingenio
755 1210 1022 1267 discrepanti
1070 1210 1298 1252 iuberesne
1351 1223 1420 1250 me
1481 1208 1565 1250 niti
1613 1209 1764 1250 contra

213 1285 429 1337 naturam,
463 1281 639 1324 adverso
670 1280 784 1337 quod
814 1280 938 1322 aiunt
967 1278 1205 1321 fiumjness?
1264 1277 1389 1333 Quid,
1427 1277 1463 1319 si
1493 1277 1589 1332 quis
1619 1278 1765 1332 postu-

212 1351 337 1407 laret,
369 1352 420 1393 ut
448 1350 651 1392 Phidiasa
680 1349 846 1391 ludicra
885 1349 961 1390 aut
991 1346 1220 1391 Canachus
1259 1347 1386 1389 deum
1424 1345 1656 1388 simulacra
1685 1344 1765 1386 fin-

214 1418 371 1477 geret?
416 1421 491 1461 aut
522 1417 714 1466 Calamis,
738 1417 938 1460 Turena4
969 1420 1044 1459 aut
1073 1416 1348 1472 Polycletus⁵
1378 1413 1596 1457 Etrusca?
1654 1411 1766 1463 Quid

215 1489 252 1531 si
281 1487 588 1531 Parrhasium⁶
620 1486 876 1529 versicolora
905 1486 1088 1542 pingere
1118 1485 1308 1540 iuberet,
1350 1484 1425 1526 aut
1455 1481 1641 1542 Apellen
1671 1481 1765 1523 uni-

217 1557 372 1612 colora,
407 1558 482 1599 aut
510 1555 705 1598 Nealcen
734 1554 981 1611 magnifica,
1027 1555 1102 1596 aut
1131 1553 1291 1596 Nician
1321 1553 1517 1606 obscura,
1560 1552 1635 1592 aut
1664 1549 1765 1591 Dio-

215 1626 389 1681 nysium
426 1623 650 1679 inlustria,
701 1625 776 1665 aut
813 1623 1017 1666 lascivia⁷
1056 1621 1409 1678 Euphranorem,
1458 1621 1533 1661 aut
1561 1618 1765 1660 Pausiam

218 1692 507 1753 [p]roe[l]ia‘?8
574 1692 628 1734 In
666 1691 834 1747 poetisb
873 1693 1018 1733 autem
1056 1690 1152 1746 quis
1190 1690 1368 1746 ignorat
1405 1690 1455 1730 ut
1491 1687 1668 1744 gracilis
1708 1687 1766 1728 sit

330 1820 353 1844 a
378 1811 423 1843 In
447 1810 615 1852 maryine:
642 1804 714 1848 Qui
734 1804 918 1841 artificum
944 1804 1035 1850 quid
1058 1803 1190 1839 melius
1221 1803 1358 1849 singuli
1381 1802 1550 1838 fecerint.
1600 1801 1766 1836 Fictores

215 1865 362 1902 nobiles
385 1863 539 1900 Phidias
565 1871 631 1899 etc.

330 1923 356 1958 b
380 1924 426 1957 In
449 1924 618 1966 maryine:
645 1918 742 1962 Quid
767 1918 905 1966 singuli
929 1919 1066 1965 poetae
1091 1918 1287 1964 proprium
1310 1917 1464 1953 habent.

333 2040 350 2072 1
376 2035 529 2082 Ambigi
552 2035 679 2082 potest
704 2034 750 2070 de
774 2034 862 2070 sede
886 2033 996 2069 huius
1021 2032 1236 2078 fragmenti,
1263 2031 1364 2077 quod
1387 2030 1587 2076 legebatur
1605 2033 1771 2074 quatuor

216 2093 404 2141 prioribus
428 2092 577 2139 paginis
602 2091 747 2128 Codicis
770 2090 956 2127 Vaticani.
1006 2089 1191 2136 Equidem
1215 2089 1254 2124 in
1277 2088 1423 2124 incerta
1446 2098 1486 2123 re
1512 2087 1659 2123 secutus
1684 2098 1765 2122 sum

218 2151 471 2188 coniecturam
493 2149 585 2185 Maii
607 2149 711 2185 haud
733 2147 1035 2194 improbabilem.

331 2212 352 2243 2
375 2207 545 2252 Utraque
571 2206 758 2243 sententia
782 2216 805 2241 a
827 2205 928 2241 Maio
954 2204 1141 2250 exscripta
1166 2215 1186 2240 e
1210 2203 1381 2249 margine
1405 2214 1493 2249 pag.
1508 2206 1540 2246 2,
1564 2213 1653 2237 nani
1676 2202 1766 2236 tunc

216 2266 292 2302 iam
316 2264 418 2300 totus
443 2264 637 2300 contextus
662 2262 902 2298 oblitteratus
928 2262 1020 2298 erat.
1059 2260 1194 2307 Incipit
1218 2261 1306 2307 post
1329 2260 1423 2296 haec
1446 2271 1482 2306 p.
1505 2263 1534 2294 1.

331 2327 352 2359 3
376 2322 420 2357 In
443 2320 626 2366 margine,
652 2319 719 2355 ubi
742 2318 929 2356 sententia
953 2317 1147 2364 repetitur,
1172 2318 1328 2364 legitur:
1355 2320 1532 2353 inber-esne
1556 2329 1606 2351 me
1631 2319 1765 2362 ingenio

218 2383 448 2424 discrepante.
497 2380 627 2413 Maius.
676 2394 685 2398 -

330 2438 352 2470 4
377 2433 466 2470 Cod.
494 2444 566 2469 sec.
593 2445 642 2469 m.
668 2439 797 2469 turina.

332 2494 353 2526 5
377 2491 420 2526 In
443 2490 615 2536 margine
641 2494 837 2536 Polyclitus.

334 2551 354 2583 6
378 2548 422 2583 In
445 2547 615 2593 margine
640 2546 718 2582 sine
743 2550 774 2582 Ιι.

334 2609 352 2640 7
378 2605 437 2640 Ita
462 2603 598 2640 Codex.
1442 2630 1444 2633 .

333 2665 354 2697 8
380 2661 488 2697 Carie
513 2671 624 2697 exesa
648 2662 704 2696 est
729 2661 810 2695 tum
834 2660 906 2695 hoc
922 2661 1004 2695 tum
1021 2659 1103 2695 aliis
1119 2658 1210 2694 locis
1227 2657 1449 2693 membrana
1464 2655 1572 2692 huius
1588 2655 1762 2701 paginae.

218 2720 268 2755 Et
299 2718 452 2764 quidem
482 2717 567 2753 heic
600 2718 763 2763 quatuor
788 2717 854 2753 aut
890 2715 1054 2762 quinque
1090 2715 1240 2751 litterae
1278 2713 1434 2750 amissae
1472 2713 1698 2748 videbantur
1726 2711 1764 2747 in

219 2777 364 2820 lacuna,
394 2775 547 2822 praeter
569 2774 732 2810 incertas
764 2774 855 2809 duas
880 2785 972 2818 quas
997 2772 1101 2808 uncis
1123 2771 1265 2808 inclusi.
1315 2770 1456 2817 Scripsi
1480 2771 1607 2806 autem
1628 2773 1766 2815 proelia

219 2832 375 2880 propter
398 2831 654 2878 Euphranoris
683 2830 854 2867 tabulam
883 2829 1018 2877 proelii
1049 2829 1247 2876 equestris,
1285 2839 1398 2874 quam
1430 2827 1596 2863 celebrat
1627 2826 1766 2862 Plinius

219 2889 366 2926 XXXV.
395 2892 448 2924 11.
474 2901 558 2925 cum
578 2888 766 2925 Pausania
788 2888 816 2923 I.
836 2893 868 2924 3.
917 2891 1045 2924 Maius.

273 2971 406 2995 PRONT.
426 2972 472 2994 ET
490 2971 625 2996 AUREL.
645 2971 766 2993 EPIST.
1466 2944 1491 2985 8
