1968 3158
365 157 430 194 AD
454 155 627 193 VERUM
650 154 813 191 IMPER.
839 151 1092 190 AURELTUM
1117 149 1375 187 CAESAREM
1398 149 1544 185 LIBER
1569 148 1612 184 11.
1679 150 1759 191 110

218 287 376 317 caenae
407 271 710 314 succidaneum
749 271 990 326 paraverat.
1052 267 1150 310 Mea
1179 281 1330 322 parum
1363 265 1516 319 refert,
1558 265 1653 321 quis
1691 280 1758 306 me

217 343 269 386 (le
300 341 410 385 caris
440 340 520 383 tibi
553 339 702 382 amieis
733 338 901 394 diligat,
934 336 1017 378 nisi
1049 335 1161 391 quod
1191 334 1308 390 prior
1338 334 1448 376 ratio
1479 335 1545 376 est
1574 333 1664 376 eius
1685 333 1780 389 qui'

216 411 360 454 minus
400 412 465 452 est
503 408 640 451 nostri
679 406 972 450 fastidiosus.²
1038 404 1134 459 Ego
1168 437 1350 445 .....
1391 402 1486 445 dem
1520 436 1528 444 .
1564 436 1571 444 .
1608 436 1615 444 .
1651 436 1658 444 .
1692 402 1759 444 leo

306 513 314 521 .
351 479 528 521 ¹eerem.
589 476 703 519 Nam
732 476 769 518 is
800 487 966 530 quoque
997 487 1049 514 ex
1078 474 1271 527 tempore
1302 486 1398 513 eum
1419 470 1539 513 vidit.
1586 471 1759 513 Invenit

217 549 361 590 autem
398 561 466 588 me
504 543 780 600 Tranquillus
820 556 916 584 011111
952 540 1154 596 frigeret,
1200 540 1331 581 etiam
1369 554 1486 581 nune
1522 541 1756 593 vetantem,

217 616 291 658 sed
321 615 464 658 minus
498 648 505 656 .
532 647 540 655 .
572 612 675 655 belli
708 645 716 653 .
743 644 752 652 .
786 610 896 666 2ago
926 610 1090 665 quanta
1120 608 1359 663 Tranquilli
1391 607 1643 662 industriae,
1685 608 1757 663 qui

216 684 300 727 nisi
331 683 460 726 sciret
489 682 651 737 quanto
681 693 808 735 opere
838 693 906 720 me
937 676 1152 733 diligeres,
1184 676 1488 720 volumtarium
1517 676 1597 719 hoe
1628 690 1758 733 nego-

215 753 326 796 tium
356 751 437 794 sibi
469 763 702 805 numquam
735 746 983 803 expetisset.

837 859 902 895 AD
927 858 1134 894 VERUM-³

712 1093 786 1146 M.
825 1090 1250 1146 FRONTONIS

285 1206 774 1273 (EPISTULARUM)
810 1205 898 1254 AD
934 1174 1161 1253 VERUM
1195 1203 1687 1253 IMPERATOREM⁴

626 1285 963 1335 AURELIUM
998 1283 1339 1350 CAESAREM

699 1455 703 1458 ἤ
781 1358 1054 1454 (LIBER
1103 1396 1181 1454 11.)

538 1548 579 1591 Ι.
628 1545 856 1590 51)(11111110
885 1545 987 1589 Meo
1020 1545 1143 1588 Vero
1173 1543 1296 1599 Aug.
1329 1542 1427 1588 Sal.

330 1642 422 1683 lam
452 1640 558 1694 iam,
599 1638 862 1693 Imperator,
904 1638 994 1679 esto
1033 1630 1137 1692 erga
1174 1651 1242 1678 me
1272 1638 1321 1678 ut
1350 1635 1466 1678 voles
1497 1638 1627 1691 utque
1658 1638 1756 1679 tuus

217 1705 385 1754 animus
415 1709 539 1750 feret.
593 1706 675 1749 Vel
704 1707 753 1747 tu
782 1720 851 1747 me
881 1704 1118 1761 neglegito,
1151 1704 1218 1746 vel
1248 1704 1379 1746 etiam
1399 1704 1613 1759 spernit0:
1646 1705 1756 1747 nihil

216 1779 399 1834 denique
430 1776 604 1818 honoris
634 1774 855 1830 inpertito,
889 1778 931 1816 in
951 1772 1180 1828 postremis
1193 1773 1222 1827 (⁵,
1255 1772 1291 1814 si
1321 1772 1549 1827 videbitur,
1582 1772 1752 1815 habeto.

331 1904 353 1927 a
377 1894 421 1927 In
445 1894 610 1935 marffl‘ne:
637 1887 740 1934 prior
764 1886 861 1923 ratio
887 1907 930 1912 -
954 1885 1180 1922 fastidiosus.

334 2035 350 2066 1
375 2029 559 2065 Versuum
582 2025 697 2063 trium
722 2024 943 2061 amissorum
967 2023 1061 2059 haee
1084 2022 1192 2059 initia
1215 2022 1389 2058 totidem:
1416 2023 1528 2059 tertio
1554 2036 1661 2060 versu
1686 2035 1755 2070 pro

215 2093 266 2124 leo
291 2087 410 2123 Maius
434 2084 527 2132 legit
550 2097 622 2120 uer.

329 2149 350 2180 2
375 2140 598 2189 Supplenffl,
629 2141 672 2175 ut
701 2142 811 2186 puto,
843 2138 916 2174 duo
939 2149 1076 2174 versus
1126 2138 1185 2173 Ita
1207 2136 1339 2173 Maius.
1394 2137 1544 2174 Amicus
1575 2150 1595 2174 e
1620 2137 1754 2174 Codice

216 2201 427 2238 adnotavit:

690 2252 811 2288 minus
836 2263 859 2287 a
886 2281 891 2286 .
922 2282 927 2287 .
956 2279 963 2286 .
992 2282 998 2287 .

418 2312 521 2348 UUA
539 2340 545 2347 .

394 2405 396 2407 ,
420 2367 624 2405 DINITAT
653 2396 659 2402 .
689 2396 695 2402 .
722 2365 1002 2402 TANTASORI
1030 2394 1036 2400 .
1066 2394 1071 2401 .
1102 2394 1108 2400 .
1181 2384 1183 2386 ·

218 2429 290 2464 Sed
315 2427 456 2462 frustra
478 2425 573 2460 haee
597 2422 774 2469 expedire
799 2423 954 2458 conatus
978 2434 1069 2458 sum.

330 2489 351 2520 3
376 2483 465 2518 Post
489 2480 801 2526 subscriptionem
826 2479 984 2514 duorum
1007 2490 1180 2514 versuum
1206 2479 1379 2524 spatium.
1431 2478 1603 2513 Ceterum
1629 2491 1755 2515 errare

217 2540 309 2577 mihi
330 2539 522 2580 videntur,
553 2536 617 2582 qui
646 2536 781 2582 putent
808 2536 925 2571 latere
955 2536 1210 2581 fragmentum
1235 2535 1415 2581 epistolae
1447 2535 1495 2569 ad
1519 2535 1567 2569 M.
1594 2534 1755 2570 Annium

217 2599 373 2634 Verum:
412 2593 571 2640 explicui
601 2592 640 2627 in
670 2591 962 2638 Prolegomenis,
1001 2604 1065 2627 eur
1103 2590 1325 2627 crediderim
1353 2590 1401 2625 M.
1422 2590 1636 2627 Caesarem
1668 2593 1755 2628 ante

218 2655 458 2700 auloptionem
482 2650 669 2686 Frontone
694 2648 873 2694 magistro
898 2659 973 2684 non
997 2649 1107 2684 fuisse
1132 2660 1251 2683 usum.

330 2715 351 2746 4
375 2710 455 2745 Hoc
471 2706 694 2743 vocabulum
706 2705 745 2740 in
763 2704 898 2741 Codice
911 2716 985 2740 non
1003 2705 1161 2751 amplius
1175 2705 1343 2750 apparet.
1374 2704 1494 2740 Maius
1507 2705 1635 2740 tamen
1649 2704 1751 2741 vidit.

332 2772 352 2803 5
376 2766 466 2802 Post
490 2764 598 2799 unius
621 2773 750 2798 versus
775 2762 947 2808 spatium.

331 2827 352 2859 6
375 2823 434 2858 Ita
448 2821 578 2857 Maius.
620 2820 749 2856 Amico
774 2820 873 2856 inter
895 2823 1058 2866 inpertito
1084 2820 1122 2855 et
1147 2840 1190 2845 --
1207 2823 1308 2857 remis
1331 2820 1408 2857 tres
1432 2820 1580 2856 tantum
1604 2819 1754 2856 litterae

215 2879 448 2918 intercidisse
473 2878 708 2915 videbantur.
