1968 3158
711 183 777 220 AD
802 182 980 220 AMICOS
1005 183 1150 219 LIBER.
1175 182 1202 219 I.
1651 182 1731 224 173

187 299 423 355 liatumque
454 298 597 341 vellet.
658 298 876 341 Paulatim
906 298 1089 354 denique
1127 298 1210 340 iste
1240 311 1332 340 mos
1363 309 1617 353 progressus
1649 296 1729 350 est,

186 370 236 410 ut
256 367 387 410 etiam
409 382 494 423 cOS,
528 369 601 423 qui
631 367 804 424 publico
824 368 892 410 vel
913 367 1084 423 privato
1114 365 1272 408 iudicio
1303 365 1611 421 disceptarent,
1642 378 1730 406 non

186 437 334 479 tamen
364 436 548 492 inproba
578 450 645 478 res
676 435 892 478 videretur
922 434 1136 477 iudicibus
1167 434 1272 490 ipsis
1304 435 1379 476 aut
1408 434 1484 488 iis,
1526 433 1599 489 qui
1632 447 1731 475 con-

187 503 283 546 silio
314 504 529 558 adessent,
563 502 909 547 commendare¹:
940 516 1029 544 non
1051 502 1217 557 opinor,
1251 502 1305 544 ad
1335 502 1547 544 iustitiam
1578 500 1730 544 iudicis

187 571 537 615 labefactandam
574 571 642 614 vel
673 572 724 614 de
754 585 856 614 vera
885 571 1105 612 sententia
1135 570 1478 625 deducendam23
1518 569 1617 612 sed³
1647 570 1730 611 iste

186 640 234 683 in
263 641 369 697 ipsis
399 640 569 683 iudiciis
608 653 700 682 mos
730 639 999 682 inveteratus
1030 640 1144 694 erat,
1187 652 1316 681 causa
1345 630 1546 693 perorata
1585 637 1729 679 lauda—

186 710 303 751 tores
347 708 571 763 adhibere,
612 708 685 764 qui
716 711 815 760 quid
843 711 894 749 de
923 709 1022 748 reo⁴
1054 706 1378 761 existimarent,
1423 720 1501 761 pro
1532 720 1610 747 sua
1640 705 1728 761 opi-

187 777 319 820 nione
351 791 448 819 cum
478 776 562 819 fide
592 778 908 832 expromerent.
950 775 1063 817 Item
1091 775 1202 818 istae
1234 774 1630 818 commendantium
1660 773 1728 815 lit-

185 846 304 888 terae
349 844 610 887 laudationis
655 858 832 886 munere
869 843 997 900 fungi
1043 843 1157 885 visae
1204 845 1320 885 sunt.
1391 842 1603 893 Quorsum
1647 842 1729 884 hoc

186 915 279 956 tam
309 928 360 956 ex
391 913 478 955 alto
507 911 836 969 prohoemium?
893 911 961 954 Ne
991 925 1059 954 me
1091 911 1408 953 existimasses⁵
1446 925 1599 966 parum
1631 925 1729 953 con-

187 981 396 1025 siderasse.
427 981 689 1038 gravitatem
719 980 1104 1035 auctoritatemque
1124 981 1246 1022 tuam
1267 979 1606 1022 commendando
1629 978 1729 1022 Cor-

186 1050 388 1092 neliano6
418 1049 608 1105 Sulpicio
636 1049 974 1091 familiarissimo
1003 1062 1120 1103 meo,
1160 1049 1234 1103 qui
1271 1047 1517 1104 propediem
1557 1062 1730 1090 causam

188 1119 303 1174 apud
331 1132 405 1161 vos
436 1118 628 1161 dicturus
659 1119 738 1161 est.
782 1116 879 1172 Sed,
911 1119 960 1159 ut
990 1116 1093 1171 dixi,
1125 1116 1283 1158 veteris
1312 1115 1505 1158 instituti
1536 1115 1730 1171 exemplo

187 1187 480 1230 necessarium
516 1201 660 1230 meum
696 1186 872 1228 laudare
912 1185 1027 1241 apud
1063 1187 1107 1227 te
1146 1199 1274 1227 ausus
1312 1198 1417 1226 sum.
1485 1182 1730 1226 Industrius

188 1255 253 1298 vir
282 1257 361 1310 est,
395 1257 620 1311 strenuus,
653 1255 832 1311 ingenio
862 1254 997 1296 libero
1028 1268 1078 1296 ac
1107 1252 1292 1307 liberali,
1324 1252 1491 1307 patriae
1524 1252 1730 1294 amantis-

187 1323 342 1378 simus,
388 1323 640 1366 innocentia
675 1323 815 1365 fretus
851 1316 991 1379 magis
1029 1336 1158 1378 quam
1197 1320 1436 1375 confidens,
1484 1320 1730 1362 litterarum

187 1391 329 1434 studio
360 1393 404 1434 et
433 1391 690 1447 bonaruml⁷
722 1391 890 1449 >artium
927 1390 1148 1447 elegantia
1177 1388 1284 1431 mihi
1315 1389 1640 1442 acceptissimusss
1673 1422 1682 1430 .
1719 1422 1727 1430 .

235 1494 244 1503 .
277 1461 418 1503 iussoa
452 1489 1727 1502 .............................

191 1560 1145 1571 ......................
1162 1528 1210 1569 ³¹.
1247 1560 1255 1568 .
1292 1559 1301 1568 .
1341 1526 1428 1568 iam
1461 1558 1470 1566 .
1506 1558 1515 1566 .
1557 1524 1730 1580 quicum

188 1595 329 1655 mi[hi]
363 1630 372 1638 .
408 1630 417 1638 .
450 1596 741 1639 in¹⁰tercedit.
792 1595 943 1652 Neque
972 1596 1085 1638 forte
1116 1597 1191 1637 aut
1220 1596 1381 1637 temere
1410 1592 1729 1636 necessitudine

187 1665 273 1707 ista
302 1679 448 1706 sumus
480 1664 689 1720 copulati,
705 1679 804 1707 anec
824 1664 938 1706 ultro
968 1677 1036 1704 me
1067 1663 1304 1705 amicitiam
1325 1661 1623 1704 Korneliani¹¹
1657 1661 1727 1702 ad-

187 1733 347 1788 petisse
367 1733 507 1774 fateor
520 1733 566 1774 ¹².
608 1732 721 1774 Laus
743 1732 797 1774 ad
817 1747 885 1774 me
907 1732 958 1774 de
979 1731 1158 1788 ingenio
1189 1731 1279 1772 eius
1300 1730 1388 1772 iam
1417 1729 1726 1785 pervaseratffl,

188 1816 317 1858 quam
356 1815 502 1843 veram
541 1801 595 1843 ad
641 1815 764 1844 aures
808 1815 925 1844 meas
964 1799 1171 1842 accidisse
1210 1813 1290 1841 usu
1328 1798 1457 1840 didici
1498 1798 1729 1853 multisque

302 1961 326 1985 a
351 1952 394 1985 ln
417 1953 586 1995 margine:
626 1949 744 1994 Iusso,
767 1959 843 1984 non
866 1949 978 1994 iussu,
1003 1948 1092 1994 quia
1114 1946 1312 1995 pluraliter
1335 1946 1393 1982 his
1416 1946 1523 1982 iussis
1548 1946 1648 1981 facit.

305 2057 321 2088 1
349 2051 581 2099 Schopenus:
613 2065 676 2088 nec
698 2053 828 2088 tamen
851 2072 895 2078 —-
920 2055 1203 2089 commendarent.

303 2114 324 2145 2
349 2109 491 2146 Codex:
518 2113 754 2146 deducencom.

303 2172 324 2203 3
349 2166 583 2213 Schopenus:
615 2171 679 2203 sed
701 2167 744 2202 ut
768 2170 836 2202 iste
858 2187 900 2192 —
925 2173 1181 2212 est-promerent,
1206 2170 1284 2201 item
1307 2169 1408 2201 istae.

303 2228 326 2259 4
350 2223 492 2260 Codex:
518 2228 577 2271 qui
602 2251 751 2262 .....
775 2237 851 2260 reo.
899 2223 1066 2259 Schedae
1090 2222 1198 2259 Maii:
1225 2225 1391 2269 quidquid
1413 2234 1509 2267 erqo.

304 2285 326 2317 5
350 2280 452 2316 Corr.
479 2285 718 2317 eaeislimussz's.
768 2284 1006 2326 Heindorfius.

304 2341 325 2373 6
349 2337 481 2379 Eidem
505 2337 564 2373 cui
587 2338 817 2384 Phrynichus
840 2337 1007 2383 Eclogen
1031 2336 1240 2383 inscripsit,
1265 2336 1367 2382 quod
1390 2336 1429 2370 in
1454 2333 1729 2371 conscribendis

188 2393 467 2439 prolegomenis
491 2394 540 2429 ad
563 2393 740 2429 Photium
766 2405 848 2430 sero
873 2393 960 2430 vidi.

303 2454 322 2486 7
349 2450 524 2496 Sequitur
549 2449 637 2486 Cod.
663 2463 700 2497 p.
727 2454 805 2494 327,
830 2461 927 2496 quae
951 2450 1064 2496 periit
1088 2451 1245 2496 excepta
1261 2450 1371 2485 unica
1394 2447 1580 2483 sententia
1605 2448 1642 2482 et
1667 2447 1729 2482 ad-

190 2506 444 2543 notatione-in
468 2507 648 2553 margine.
699 2506 875 2552 Sequitur
904 2519 940 2552 p.
968 2511 1045 2551 326,
1077 2518 1173 2552 quae
1198 2507 1281 2542 tota
1305 2505 1525 2542 oblitterata
1550 2508 1616 2540 est.
1668 2503 1730 2539 Se-

191 2564 318 2608 quitur
342 2563 431 2599 Cod.
457 2576 494 2609 p.
521 2568 600 2600 325.

304 2625 326 2657 8
351 2619 548 2667 Supplevit
570 2619 817 2656 Heindorfius.

305 2682 326 2714 9
350 2677 547 2713 Perierunt
570 2678 647 2712 tres
671 2687 801 2712 versus
825 2675 932 2711 initio
956 2688 992 2722 p.
1019 2679 1095 2713 325.

283 2738 326 2771 10
349 2734 485 2781 Incipit
509 2734 664 2780 quartus
690 2744 831 2770 versus.

285 2795 323 2826 11
351 2791 409 2826 Ita
431 2790 560 2826 Maius.
611 2791 761 2826 Amicus
780 2801 800 2826 e
819 2789 946 2826 codice
971 2788 1154 2825 enotavit:
1180 2792 1280 2824 amici
1296 2816 1417 2824 .....
1436 2786 1583 2823 NELIA
1602 2815 1609 2822 .
1630 2817 1637 2823 .
1663 2786 1726 2823 NI.

285 2852 326 2883 12
351 2848 409 2884 Ita
433 2847 576 2892 Codex,
601 2859 675 2884 non
696 2851 833 2893 fatear3
858 2846 1026 2892 sequitur
1049 2846 1128 2890 NA,
1153 2845 1176 2881 i.
1203 2857 1233 2881 e.
1260 2859 1355 2890 nam,
1381 2844 1447 2880 sed
1472 2855 1629 2880 erasum.

287 2909 327 2940 13
353 2903 494 2939 Codex·
532 2912 770 2951 apervaserat.
