1968 3158
251 162 366 192 XXVI
831 143 1204 179 PROLEGOMENA.

252 263 454 305 iudicium
490 263 600 302 ferre
638 261 688 300 de
726 258 955 299 Frontonis
995 259 1086 299 arte
1128 258 1327 299 oratoria.
1394 258 1447 300 In
1497 259 1581 301 fine
1610 259 1778 307 ‚Caesar

253 331 495 385 significare
526 327 704 380 videtur,
738 327 811 367 sed
842 325 1046 381 ambigua
1076 339 1143 367 res
1168 326 1246 379 est,
1279 340 1323 367 se
1345 325 1550 368 Pollionis
1580 326 1776 382 magistri

252 397 504 439 auctoritate
541 396 594 436 ab
630 393 800 438 Horatii
837 393 1020 435 lectione
1061 393 1313 435 deterritum
1353 408 1444 435 esse
1479 394 1606 449 idque
1642 394 1777 437 Hero-

251 466 345 506 dem
388 463 642 519 improbare.
704 462 919 504 Rescribit
957 462 1117 503 Fronto
1157 463 1199 504 et
1241 461 1387 503 multis
1430 461 1571 504 verbis
1593 463 1777 518 *gratias

251 550 274 575 a
293 533 343 573 rit
361 532 395 586 I,
421 533 459 574 7.
1757 580 1763 585 q

277 549 303 588 ὃ
362 599 414 641 In
443 599 584 654 Epist.
615 598 659 640 II
670 632 680 653 ,
717 599 737 639 1
780 598 940 639 'Fronto
972 597 1179 652 explicat,
1214 612 1289 639 cur
1317 598 1509 640 nondum
1539 599 1778 642 orationem

249 669 294 710 in
326 669 478 710 senatu
515 667 717 709 habuerit
755 669 798 708 et
828 666 1046 721 significat
1075 680 1119 707 se
1150 666 1336 722 August.
1368 666 1431 708 Id.
1465 666 1516 708 de
1545 666 1612 708 Pii
1643 667 1776 712 laudi-

249 738 327 778 bus
368 751 458 778 esse
496 736 723 778 dicturum.
786 734 963 788 Caesar,
1005 734 1078 788 qui
1113 735 1219 776 tunc
1253 734 1425 790 longius
1463 734 1630 790 aberat,
1674 735 1791 783 duas

248 806 484 859 postremas
515 803 715 859 epistolas
747 803 873 844 simul
905 802 1090 857 accepit:
1123 804 1237 844 certe
1268 803 1321 845 ad
1350 804 1574 859 utramque
1604 818 1777 858 respon-

249 873 320 914 det
349 872 405 928 II,
438 873 479 914 2.
540 872 666 927 Legit
705 871 907 913 Plautum
946 872 989 912 et
1018 870 1250 926 Naevium,
1291 871 1377 913 nisi
1412 870 1599 914 Novium
1636 870 1774 914 malis.

249 940 376 982 Brevi
406 943 527 996 post,
559 940 751 982 oratione
781 939 827 981 in
849 940 1003 981 senatu
1023 939 1218 994 recitata,
1250 938 1416 981 Fronto,
1443 939 1593 981 scribit
1623 940 1777 995 episto-

247 1010 334 1050 lam
354 1008 388 1063 Ι,
413 1010 452 1051 8.
496 1008 655 1051 Suadet
675 1007 897 1063 discipulo,
920 1022 976 1050 ne
997 1007 1107 1049 solos
1127 1009 1275 1062 poetas
1297 1009 1498 1062 sectetur,
1522 1008 1596 1050 sed
1617 1008 1778 1064 aliquid

247 1078 451 1132 temporis
471 1077 636 1118 tribuat
654 1091 805 1132 prosae
826 1091 991 1131 quoque
1008 1076 1205 1118 orationi.
1243 1075 1378 1118 Addit
1392 1075 1552 1118 Fronto
1570 1076 1778 1119 Graecam

220 1160 224 1165 *
249 1145 472 1200 epistolam
492 1145 623 1187 Matri
645 1145 839 1188 Caesaris
860 1145 1135 1200 inscriptam,
1166 1159 1275 1199 quae
1295 1144 1411 1186 inter
1432 1143 1619 1186 Graecas
1638 1145 1778 1200 prima

249 1216 325 1255 est.
386 1214 543 1255 Iisdem
581 1228 746 1268 quoque
785 1205 933 1255 diebu’s
970 1211 1130 1254 Fronto
1168 1212 1393 1268 epistolam
1429 1213 1623 1267 scripsit,
1670 1227 1778 1268 quae

248 1284 313 1324 est
342 1282 480 1336 prima
511 1282 564 1323 ad
594 1281 867 1323 Antoninum
897 1281 1043 1335 Pium,
1085 1295 1215 1336 quum
1245 1281 1481 1325 orationem
1511 1281 1702 1323 mitteret
1730 1281 1778 1323 in

249 1350 337 1391 eius
382 1350 550 1392 laudem
595 1349 769 1392 dictam.
837 1349 1119 1404 Respondent
1161 1348 1264 1390 Pi'us
1306 1349 1353 1390 in
1399 1348 1534 1391 altera
1581 1349 1774 1405 epistola,

247 1418 417 1460 Marcus
447 1419 493 1460 in
525 1419 649 1473 epist.
682 1418 739 1472 ΙΙ,
772 1419 799 1460 3
809 1420 820 1473 ,
860 1418 906 1459 in
946 1433 1030 1473 qua
1060 1417 1222 1472 optimo
1253 1416 1514 1459 adolescenti
1544 1418 1676 1459 verba
1707 1418 1776 1460 de-

247 1488 348 1527 sunt
386 1487 439 1527 ad
478 1486 810 1543 praedicandam
856 1485 1150 1536 admirabilem
1194 1484 1426 1526 Frontonis
1473 1485 1774 1541 eloquentiam.

246 1554 466 1609 Epistolae
496 1555 553 1609 ΙΙ,
586 1555 615 1596 4
650 1569 739 1596 non
779 1553 864 1595 nisi
905 1568 1085 1609 parvum
1114 1555 1411 1609 fragmentum
1441 1555 1661 1596 servatum
1691 1556 1777 1610 est3

246 1622 418 1665 Marcus
455 1623 643 1664 studiose
675 1622 883 1665 Catonem
920 1622 1040 1677 legit.
1103 1621 1278 1664 Ultimis
1319 1622 1467 1664 diebus
1497 1637 1554 1664 m.
1587 1621 1777 1678 Augusti

246 1692 409 1746 scripta
449 1706 615 1746 quoque
655 1692 720 1732 est
756 1691 880 1746 epist.
920 1690 977 1745 II,
1011 1691 1051 1732 8.
1121 1690 1262 1732 Mater
1300 1690 1516 1745 Caesaris,
1558 1690 1612 1732 ad
1649 1705 1778 1746 quam

247 1759 372 1800 simul
402 1759 520 1800 misit
550 1759 730 1800 alteram
761 1758 1253 1814 Graecam-epistolam,
1295 1758 1406 1800 diem
1442 1758 1633 1800 natalem
1672 1759 1776 1801 cele-

246 1827 422 1868 bratura
453 1829 529 1881 est,
562 1842 642 1869 nec
671 1829 818 1869 tamen
838 1827 998 1869 Fronto
1027 1827 1210 1869 maxime
1243 1827 1419 1882 cupiens
1439 1815 1652 1882 Neapolin
1683 1837 1777 1870 evo·-

246 1894 336 1935 lare
366 1896 526 1949 potest,
567 1895 666 1949 quia
705 1895 896 1936 nondum
927 1895 1108 1937 eiuravit
1136 1895 1453 1950 magistratum.
1514 1894 1635 1944 Quod
1664 1895 1776 1937 Mar-

249 1976 322 2003 cus
352 1962 574 2016 respondit
595 1962 653 2016 ΙΙ,
677 1963 717 2016 9,
749 1963 839 2004 fere
869 1963 1009 2017 periit.
1053 1962 1367 2005 Creberrimum
1397 1963 1483 2004 fuit
1511 1962 1596 2004 illis
1627 1963 1776 2006 diebus

249 2029 525 2084 epistolarum
564 2031 884 2085 commercium,
924 2045 1026 2072 nam
1062 2030 1190 2085 plane
1228 2032 1398 2072 constat
1426 2030 1511 2072 huc
1540 2031 1645 2072 item
1681 2047 1776 2087 per-

248 2097 386 2139 tinere
417 2098 611 2140 Caesaris
642 2098 766 2152 epist.
799 2098 856 2153 ΙΙ,
892 2099 956 2140 10.
1017 2097 1151 2139 Totus
1182 2099 1247 2140 est
1276 2098 1323 2139 in
1354 2098 1526 2153 studiis3
1564 2099 1775 2154 imprimis

248 2165 391 2221 diligit
407 2168 595 2208 vetustos
615 2168 784 2221 poetas3
801 2166 959 2221 itaque,
983 2166 1208 2208 dummodo
1223 2166 1365 2208 locum
1380 2168 1496 2208 recte
1516 2167 1774 2223 intelligam,

247 2234 403 2276 iterum
441 2235 658 2290 significat
697 2249 741 2276 se
771 2234 1030 2290 fiagrantem
1068 2234 1340 2289 antiquitatis
1379 2249 1541 2290 amore,
1581 2234 1775 2278 Pollione

248 2303 442 2356 auctore,
476 2302 529 2343 ab
560 2302 741 2344 Horatio
772 2302 1019 2344 alieniorem
1050 2318 1140 2344 esse
1169 2303 1347 2344 factum.

359 2369 413 2412 In
443 2370 566 2425 epist.
597 2370 654 2425 ΙΙ,
691 2371 742 2412 13
773 2372 816 2411 et
849 2370 902 2411 14
939 2370 1095 2413 Caesar
1133 2370 1284 2412 scribit
1324 2371 1405 2412 sibi
1443 2372 1569 2413 unice
1606 2372 1775 2427 placere

248 2438 470 2493 Catonem,
502 2438 643 2480 minus
674 2438 843 2494 placere
875 2437 1146 2493 Sallustium,
1180 2442 1253 2480 sed
1282 2439 1440 2481 iudicia
1470 2440 1605 2481 otium
1636 2441 1690 2482 ad
1718 2441 1775 2483 le

247 2506 435 2561 gendum
474 2507 679 2548 eximunt.
740 2506 903 2548 Eodem
940 2507 1053 2548 refer
1087 2506 1145 2561 ΙΙ,
1182 2507 1253 2562 15,
1293 2507 1394 2562 quia
1431 2523 1483 2549 ex
1526 2508 1776 2551 brevissimo

246 2575 491 2630 fragmento
522 2577 701 2629 apparet
731 2575 992 2617 Frontonem
1021 2589 1225 2630 prospera
1254 2576 1498 2618 valetudine
1528 2577 1612 2631 uti,
1645 2591 1776 2631 quum

246 2642 362 2683 infra
399 2642 633 2684 videbimus
678 2658 774 2684 eum
813 2658 928 2685 anno
975 2643 1221 2685 consulatus
1268 2644 1334 2686 sui
1377 2658 1466 2686 non
1512 2646 1772 2699 aegrotasse.

248 2709 365 2759 Quae
395 2710 586 2765 sequitur
616 2711 740 2766 epist.
773 2711 838 2765 ΙΙ,
874 2712 926 2754 16
965 2727 1062 2754 eum
1099 2712 1309 2767 rescripto
1338 2711 1404 2767 ΙΙ,
1441 2712 1491 2754 17
1530 2712 1582 2753 de
1610 2711 1774 2755 heredi-

248 2779 337 2818 tate
367 2777 584 2833 Matidiae,
619 2794 694 2821 cur
725 2780 894 2821 credam
924 2779 1096 2822 Caesari
1126 2780 1271 2822 datam
1301 2794 1405 2834 esse,
1437 2794 1525 2821 non
1555 2779 1614 2821 M.
1638 2780 1774 2822 Anto—

248 2845 352 2887 nino
381 2845 648 2902 Imperatori,
682 2847 820 2889 dicam
851 2848 903 2889 ad
933 2847 1195 2891 Frontonem
1223 2848 1377 2904 ipsum.
1438 2848 1597 2890 Iisdem
1627 2848 1773 2892 diebus
