1968 3158
466 148 532 190 AD
557 147 853 189 ANTONINUM
879 147 974 187 IMP.
1002 148 1064 186 ET
1090 146 1294 185 INVICEM
1317 143 1462 184 LIBER
1486 142 1512 182 I.
1710 142 1765 188 95

221 284 273 314 ea
301 272 345 313 te
375 269 482 312 mihi
515 284 539 311 a
570 268 659 311 dis¹
701 267 769 310 die
798 266 879 310 tibi
916 264 1244 309 sollemnissimo
1282 262 1419 306 natali
1457 275 1552 305 meo
1590 275 1764 317 praeca-

219 341 333 382 tum:
365 339 511 381 omnia
542 337 649 380 mihi
670 337 755 379 ista
785 337 831 378 in
854 338 898 378 te
926 337 1085 390 tuoque
1106 334 1242 376 fratre
1273 333 1357 375 sita
1387 333 1503 386 sunt,
1538 329 1763 372 Antonine

219 422 314 450 meo
351 407 466 450 cordi
512 406 777 448 dulcissime:
833 418 938 460 quos
984 417 1064 459 ego
1110 404 1338 458 postquam
1384 399 1566 456 cognovi
1613 412 1764 454 meque

219 476 341 519 vobis
371 475 597 530 transdidi,
638 473 748 516 nihil
779 486 983 528 umquam
1013 486 1116 527 prae
1156 470 1273 512 vobis
1305 469 1470 512 dulcius
1502 467 1649 522 habui,
1690 482 1764 508 ne-

219 559 302 601 que
332 544 492 587 habere
521 557 709 600 possum,
748 540 923 584 tametsi
961 539 1067 582 alios
1107 554 1243 581 annos
1282 538 1464 580 totidem
1502 537 1552 579 de
1591 537 1764 591 integro

219 615 430 669 quantum
460 612 547 655 vixi
578 612 732 654 vivam.
792 608 888 651 Hoc
917 608 1053 665 igitur
1083 623 1218 650 unum
1257 606 1499 649 coniunctis
1537 604 1764 661 praecibus

220 681 275 724 ab
305 682 395 724 deis
426 694 665 737 precemur,
697 678 762 721 uti
790 692 865 720 vos
895 676 1132 719 incolumes
1172 678 1215 718 et
1251 675 1453 717 fiorentes
1491 676 1534 717 et
1564 674 1669 729 reip.
1701 673 1765 715 fa-

219 749 446 805 miliaeque
477 750 644 791 vestrae
680 760 884 803 prospere
914 746 1114 801 potentes
1146 746 1334 786 aetatem
1363 744 1541 799 longam
1579 742 1762 798 degatis.

218 818 312 861 Nec
342 818 572 874 quicquam
603 818 668 859 est
697 817 935 871 praeterea,
968 813 1081 870 quod
1112 827 1193 869 ego
1222 814 1451 868 tantopere
1490 811 1558 854 vel
1589 811 1643 853 ab
1674 811 1764 852 deis

218 886 287 930 vel
326 902 351 929 a
392 887 504 929 forte
549 886 725 928 fortuna
762 883 830 926 vel
869 898 894 925 a
933 882 1054 925 vobis
1089 882 1195 938 ipsis
1240 880 1761 937 impetratuml²cupiam,

219 970 348 1012 quam
377 957 426 997 ut
455 957 598 997 vestro
630 955 864 1009 conspectu
895 953 938 994 et
969 951 1119 993 adfatu
1158 950 1395 1006 vestrisque
1434 951 1525 991 tam
1564 949 1762 991 iucundis

218 1023 375 1067 fitteris
404 1024 491 1066 frui
527 1038 655 1079 quam
692 1021 798 1064 mihi
837 1020 1077 1077 diutissime
1114 1019 1266 1062 liceat:
1306 1018 1428 1074 eique
1468 1031 1548 1074 ego
1586 1017 1662 1072 rei,
1703 1017 1764 1058 sei

217 1093 312 1135 fieri
338 1093 487 1149 possit,
521 1104 822 1147 repuerascere
852 1091 967 1145 opto.

333 1161 447 1204 Nam
477 1160 589 1216 quod
620 1160 673 1202 ad
712 1160 876 1202 ceteras
914 1172 982 1200 res
1015 1156 1173 1212 alioqui
1212 1156 1393 1211 adtinet,
1427 1157 1513 1198 sat>
1531 1155 1646 1196 vitae
1685 1156 1761 1196 est.

219 1229 357 1272 Video
386 1231 445 1285 te,
479 1228 718 1283 Antonine,
751 1226 1000 1282 Principem
1030 1228 1121 1268 tam
1152 1224 1390 1281 egregium,
1423 1238 1551 1280 quam
1574 1223 1764 1279 speravi3

219 1301 311 1340 tam
346 1299 528 1354 iustum,
568 1299 661 1340 tam
698 1297 989 1350 innocentem,
1023 1309 1152 1350 quam
1191 1293 1423 1350 spopondi3
1460 1295 1553 1335 tam
1590 1293 1765 1348 gratum

218 1367 376 1423 populo
406 1380 583 1409 romano
614 1367 658 1408 et
679 1366 918 1421 acceptum,
951 1378 1080 1420 quam
1101 1363 1269 1419 optavi:
1300 1364 1391 1404 tam
1422 1361 1507 1403 mei
1530 1362 1762 1416 amantem,

211 1450 348 1492 quam
378 1449 459 1491 ego
488 1434 624 1490 volui3
662 1436 754 1476 tam
791 1432 1046 1487 disertum3,
1086 1446 1215 1487 quam
1253 1431 1346 1486 ipse
1377 1430 1563 1472 voluisti.
1624 1429 1765 1472 Nama

219 1505 294 1547 ubi
324 1504 511 1560 primum
551 1503 729 1558 coepisti
765 1516 936 1544 rursum
964 1501 1087 1556 velle,
1136 1499 1248 1542 nihil
1284 1499 1408 1541 offuit
1442 1498 1661 1540 interdum
1690 1512 1765 1539 no-

219 1573 387 1615 luisse⁴.
448 1572 562 1614 Fieri
594 1571 726 1613 etiam
761 1585 836 1613 vos
855 1567 856 1571 ’
875 1570 1029 1612 cotidie
1063 1569 1338 1611 facundiores
1376 1567 1498 1609 video
1538 1569 1581 1608 et
1620 1566 1765 1608 exulto

219 1641 342 1697 quasi
373 1639 512 1682 adhuc
541 1639 787 1696 magister„
823 1638 937 1681 Nam
968 1652 1095 1694 quom
1125 1637 1264 1679 omnis
1294 1636 1476 1679 virtutes
1507 1637 1673 1677 vestras
1704 1635 1765 1676 di-

218 1702 354 1766 ligam
383 1710 427 1751 et
447 1709 696 1764 amplectar,
729 1707 869 1750 fateor
894 1709 1041 1749 tamen
1061 1706 1342 1762 praecipuum
1371 1719 1439 1747 me
1470 1707 1514 1746 et
1543 1703 1765 1759 proprium

220 1778 427 1835 gaudium
465 1792 516 1819 ex
555 1777 799 1832 eloquentia
837 1778 981 1818 vestra
1021 1789 1185 1830 capere.
1246 1773 1429 1823 Itidemb
1475 1775 1524 1814 ut
1563 1765 1788 1828 parentes*

222 1862 319 1889 cum
348 1847 395 1888 in
425 1845 545 1888 voltu
573 1845 756 1888 liberum
794 1846 879 1887 oris
916 1844 982 1887 sui
1011 1843 1268 1885 liniamenta
1299 1842 1551 1895 dinoscunt,
1590 1841 1653 1882 ita
1684 1855 1765 1896 ego

222 1931 319 1958 cum
356 1915 403 1957 in
441 1914 707 1957 orationibus
745 1914 898 1956 vestris
937 1912 1122 1968 vestigia
1160 1912 1358 1954 nostrae5
1398 1912 1540 1952 sectae
1573 1909 1764 1951 animad-

221 1986 355 2040 vert0,
394 1985 548 2036 γέγηθε
587 1985 634 2027 δὲ
665 1984 806 2037 φρένα
836 1983 980 2035 Λητώ·
1027 1981 1133 2023 meis
1171 1980 1286 2022 enim
1331 1979 1473 2022 verbis
1524 1978 1764 2034 exprimere

336 2133 359 2157 a
383 2125 427 2157 In
451 2124 618 2166 maraine:
643 2118 866 2155 Adhortatio
892 2118 941 2154 ad
967 2117 1229 2163 eloquentiam.

334 2179 360 2214 b
385 2182 431 2214 In
455 2182 621 2224 margine:
654 2177 788 2212 Itidem
818 2178 860 2211 ut
889 2176 1066 2222 parentes
1098 2187 1180 2210 cum
1210 2174 1248 2209 in
1280 2174 1383 2210 voltu
1413 2173 1574 2209 liberum
1605 2173 1677 2208 oris
1710 2173 1765 2207 sui

220 2236 438 2272 liniamenta
463 2235 669 2279 dinoscunt,
700 2234 755 2269 ita
780 2234 818 2269 et
841 2233 1023 2278 magister
1048 2244 1132 2267 cum
1154 2232 1193 2267 in
1219 2226 1388 2267 oratione
1414 2230 1583 2277 discipuli
1607 2230 1766 2275 vestigia

219 2293 416 2330 facundiae
441 2303 529 2328 suae
554 2290 828 2328 animadvertit.

339 2436 355 2466 1
384 2429 524 2466 Codex:
550 2431 659 2466 abdis.
698 2428 818 2464 Maius
842 2427 964 2464 locum
988 2438 1190 2474 perperam
1216 2427 1418 2463 constituit.
1461 2425 1634 2461 Fortasse
1658 2435 1765 2471 prae-

223 2489 313 2524 stat:
341 2492 419 2534 quia
442 2495 478 2523 tu
503 2500 571 2521 scr.
619 2485 850 2532 Schopenus:
877 2485 978 2530 quod
1004 2493 1037 2520 tu
1061 2488 1194 2520 scribis.

338 2550 358 2581 2
382 2543 518 2590 Incipit
542 2542 631 2578 Cod.
658 2542 742 2578 Vat.
770 2555 806 2588 p.
825 2546 879 2578 97.

339 2608 359 2638 3
386 2601 474 2637 Cod.
501 2613 557 2646 pr.
585 2612 633 2634 m.
661 2603 853 2635 dissertum.

337 2663 359 2694 4
383 2657 531 2694 Plenius
554 2657 649 2692 haec
674 2655 844 2692 dicentur
867 2655 905 2690 in
930 2655 1096 2701 epistulis
1121 2655 1166 2690 de
1191 2653 1415 2700 Eloquentia
1446 2654 1484 2689 et
1509 2652 1554 2688 de
1581 2651 1764 2689 Orationi-

223 2715 303 2752 bus.
334 2715 483 2751 Marcus
506 2714 585 2760 ipse
613 2714 658 2748 de
684 2713 795 2749 rebus
819 2713 892 2748 suis
916 2713 943 2756 I,
964 2716 1003 2748 17
1029 2713 1171 2758 gratias
1197 2712 1278 2757 agit
1303 2711 1372 2746 diis
1397 2711 1498 2757 quod
1514 2710 1553 2746 in
1570 2710 1765 2746 rhetoricis

223 2772 452 2819 poeticisque
477 2771 607 2807 studiis
631 2770 731 2806 haud
756 2769 955 2816 ampliores
980 2780 1200 2815 progressus
1225 2769 1382 2812 fecisset,
1406 2779 1453 2803 ne
1477 2767 1618 2803 scilicet
1642 2779 1665 2803 a
1682 2779 1764 2814 gra-

223 2823 388 2866 vioribus
414 2828 510 2864 curis
532 2828 788 2874 impediretur.
839 2830 966 2862 Maius.

338 2891 359 2923 5
384 2885 524 2921 Codex:
551 2893 680 2922 nostra.
