1968 3158
506 158 572 194 AD
596 158 645 194 M.
672 158 966 195 ANTONINUM
991 157 1054 194 DE
1079 156 1419 194 UltA'l'lONlBUS.
1651 156 1731 200 155

195 276 241 318 et
268 274 315 317 in
346 273 549 316 lacerata.
612 273 722 316 Item
755 287 826 315 vos
859 307 866 315 .
903 306 910 314 .
946 306 953 315 .
1014 271 1166 315 ¹Nune
1196 286 1276 328 ego
1307 270 1503 314 consulto
1532 271 1578 313 iu
1609 270 1729 313 fabu-

195 342 248 385 lis
279 343 409 385 finem
439 342 575 396 facio,
610 344 670 396 ut,
704 341 826 398 siqua
856 340 996 384 aerius
1026 340 1142 383 dicta
1172 342 1294 395 sunt,
1329 339 1542 397 permixta
1571 338 1730 382 fabulis

194 409 458 454 molliantur.

724 477 783 520 M.
815 475 1208 520 FRONTONIS

663 577 1255 589 ιιιιιιιιιιιιιι

658 617 758 666 Lem·
783 616 1009 656 Emendavi
1036 616 1107 666 qui
1132 627 1270 667 supra.

490 888 583 943 (M.
615 888 980 943 CORNELII
1011 889 1442 943 FRONTONIS

334 1003 422 1053 AD
458 1003 523 1053 M.
560 1003 949 1052 ANTONINUM
983 1003 1068 1052 DE
1105 1002 1595 1065 ORATIONIBU82.)

587 1113 850 1172 (Antonino
880 1112 1098 1170 Augusto
1127 1114 1347 1170 Fronto.)

203 1240 391 1250 .....
405 1191 438 1263 1¹3
474 1221 612 1262 pauca
648 1206 903 1250 subnectam
940 1206 1125 1250 fortasse
1170 1207 1342 1263 inepta,
1391 1206 1552 1262 iniqua.
1620 1205 1734 1248 Nam

199 1274 349 1318 rusus⁴
377 1275 478 1317 faxo
508 1274 763 1331 magistrum
792 1289 860 1317 me
890 1275 1126 1330 experiare.
1175 1274 1326 1331 Neque
1356 1274 1533 1330 ignoras
1564 1289 1734 1316 omnem

199 1343 340 1386 hanff
363 1343 668 1399 magistrorum
697 1358 854 1385 vanam
884 1343 1191 1399 propemodum
1221 1345 1265 1386 et
1285 1342 1485 1385 stolidam
1507 1358 1611 1385 esse.
1657 1343 1734 1384 Pa-

199 1426 295 1454 rum
325 1411 593 1467 eloquentiae
604 1412 634 1466 ⁶,
667 1411 978 1466 etsapientiae
1009 1411 1157 1454 11ihi17.
1210 1411 1338 1454 Feres
1369 1412 1563 1467 profecto
1595 1411 1734 1453 bonas

168 1516 182 1529 2
198 1479 325 1522 venia
354 1481 543 1522 veterem
573 1481 832 1534 potestatem
862 1481 905 1522 et
934 1494 1093 1523 nomen
1122 1480 1320 1535 magistri
1355 1493 1423 1522 me
1453 1481 1734 1536 usurpantem

200 1548 352 1591 denuo.

313 1615 467 1658 Fateor
507 1616 642 1670 enim,
682 1616 795 1671 quod
824 1630 891 1658 res
929 1619 1020 1670 est,
1060 1631 1192 1658 unam
1223 1616 1357 1659 solam
1395 1631 1518 1671 posse
1561 1630 1734 1658 causam

199 1684 410 1739 incidere,
443 1699 527 1739 qua
559 1698 687 1726 causa
719 1683 914 1726 claudam
945 1684 1215 1740 aliquantum
1245 1698 1364 1726 amor
1394 1698 1498 1740 erga
1518 1686 1561 1726 te
1592 1698 1733 1726 meus:

199 1752 235 1794 si
267 1751 554 1808 eloquentiam
589 1751 811 1808 neglegas.
852 1752 1072 1809 Neglegas
1101 1755 1248 1794 tamen
1279 1767 1379 1794 vero
1408 1752 1551 1808 potius
1583 1766 1735 1794 censeo

199 1834 328 1876 quam
365 1834 496 1875 prave
533 1819 716 1862 excolas.
787 1819 1021 1863 Confusam
1062 1835 1156 1863 eam
1195 1834 1275 1876 ego
1314 1819 1623 1876 eloquentiam,
1665 1835 1732 1862 ea-

199 1887 486 1931 taehannae¹⁰
508 1887 614 1943 ritu,
647 1887 807 1943 partim
827 1888 1010 1945 igneis¹¹
1034 1889 1217 1931 nucibus
1239 1888 1436 1943 Catonis,
1474 1888 1632 1944 partim
1660 1888 1734 1930 Se-

199 1970 332 2000 necae
362 1955 560 1998 mollibus
582 1958 625 1998 et
644 1956 913 1999 febriculosis
934 1957 1156 2012 prunuleis
1178 1957 1369 2012 insitam,
1403 1955 1734 1999 subvertendam

316 2142 336 2173 1·
361 2137 524 2182 Sequens
548 2137 733 2174 sententia
756 2137 895 2183 legitur
924 2138 964 2173 in
988 2138 1168 2183 margine.

314 2198 335 2230 2
361 2193 476 2230 Tituli
498 2194 601 2230 nulla
624 2196 819 2231 remanent
843 2194 1013 2241 vestigia.

314 2256 335 2287 3
358 2251 493 2297 Incipit
516 2251 605 2287 Cod.
631 2264 667 2298 p.
693 2256 772 2288 382.

313 2311 335 2343 4
360 2307 448 2343 Cod.
476 2319 547 2344 sec.
574 2320 621 2343 m.
648 2321 778 2344 rursus.
1212 2352 1214 2354 Ι

315 2368 336 2399 5
359 2363 507 2399 Excidit
530 2364 813 2400 substantivum.
858 2365 977 2401 Maius
1001 2366 1149 2412 supplet
1173 2370 1332 2405 ear-bam„
1362 2366 1612 2402 Heindorfius:
1644 2370 1735 2401 ordi·

202 2434 274 2456 nem
297 2423 384 2456 hunc
412 2424 648 2465 magistrorum
670 2435 789 2457 vanum
804 2441 848 2447 —·
865 2429 899 2457 ec
922 2427 1079 2459 stolidum
1102 2436 1189 2460 esse.
1222 2422 1394 2458 Orellius:
1422 2427 1589 2458 nationem
1606 2436 1733 2458 vanam.

315 2480 336 2511 6
362 2476 502 2512 Codex:
531 2481 733 2523 eloquentia.
781 2477 966 2523 Hauptius
991 2479 1090 2515 dolet
1114 2487 1158 2515 et.

317 2537 337 2569 7
361 2532 525 2569 Imitatio
551 2532 732 2577 Sallustii,
757 2534 799 2569 ut
823 2534 982 2580 saepius.

316 2593 338 2625 8
363 2589 452 2625 Cod.
478 2601 535 2635 pr.
560 2601 607 2626 m.
635 2592 756 2626 buono.

307 2648 338 2681 ’9
361 2646 434 2682 Pro
459 2649 636 2684 claudicet.
685 2649 811 2684 Maius.

296 2707 337 2739 10
361 2702 450 2738 Cod.
476 2706 700 2739 catanannae.
746 2703 845 2739 Vera
869 2705 1054 2750 scriptura
1077 2704 1116 2740 in
1140 2706 1320 2751 margine,
1346 2705 1409 2741 ubi
1434 2706 1654 2742 vocabulum
1680 2718 1734 2742 re-

204 2759 355 2805 petitur.
390 2760 434 2795 cf.
461 2759 511 2795 ad
533 2760 581 2795 M.
609 2759 713 2796 Caes.
733 2760 778 2795 II.
801 2763 853 2795 1-1.
884 2760 1068 2807 Hauptius
1092 2761 1236 2798 scribit:
1263 2762 1535 2798 confusaneam
1560 2776 1622 2808 e90
1646 2768 1732 2809 eloq.

297 2820 335 2851 11
362 2816 420 2851 Ita
443 2815 578 2852 Codex.
613 2816 878 2853 Buttmannus:
909 2822 1040 2863 ligneis.
1074 2818 1115 2853 Ο.
1142 2818 1291 2855 Iahnius
1316 2819 1354 2854 in
1378 2819 1470 2855 Mus.
1498 2819 1617 2856 Rhen.
1646 2824 1734 2856 1845

204 2885 240 2918 p.
270 2876 333 2908 156
355 2871 566 2919 ingeniose:
598 2877 743 2919 iliyneis.
791 2873 839 2910 Et
862 2874 916 2910 ita
939 2873 1013 2911 iam
1039 2874 1210 2911 Orellius.
