1968 3158
687 176 931 213 PRINCIPIA
956 176 1231 214 HISTORIAE.
1641 180 1725 222 209

187 291 375 335 iectant¹
389 325 400 347 ,
453 306 554 334 nam
598 306 726 348 saepe
772 291 1028 335 Parthorum
1070 292 1237 348 legatos
1283 306 1434 348 pacem
1480 294 1723 348 precanteis

186 358 421 403 dismisisse
452 360 644 403 inritos².

299 428 498 471 Iustitiae
529 443 694 486 quoque
724 431 767 471 et
798 429 1051 471 clementiae
1071 429 1188 472 fama
1209 429 1322 487 apud
1344 430 1549 473 barbaros
1570 433 1722 474 sancta

186 495 239 538 de
269 495 421 540 Lucio:
453 497 665 540 Traianus
703 511 791 539 non
830 497 1029 539 omnibus
1065 512 1197 554 aeque
1235 502 1459 554 purgatus.
1523 498 1721 555 Regnum

185 563 467 621 fortunasque
497 580 594 608 suas
626 566 670 608 in
702 565 829 607 fidem
860 565 962 607 Luci
986 566 1217 608 contulisse
1238 567 1454 609 neminem
1485 568 1721 623 paenituit:

185 631 374 675 Traiano
413 633 562 676 caedes
600 632 911 676 Parthamasiri
962 634 1076 690 regis
1114 634 1320 690 suplieis³
1358 635 1471 677 haud
1509 636 1614 678 satis
1652 651 1721 677 ex-

187 702 350 743 cusata.
411 701 628 743 Tametsi*
667 701 780 743 ultro
810 701 882 743 ille
912 701 999 743 vim
1031 705 1235 758 coeptans
1272 703 1460 745 tumultu
1505 706 1599 746 orto
1636 719 1722 746 me·

185 768 270 811 rito
301 769 556 812 interfectus
587 771 666 825 est,
698 769 873 812 meliore
903 771 1049 812 tamen
1080 770 1369 813 Romanorum
1401 772 1519 814 fama
1548 773 1723 828 impune

185 837 365 892 supplex
396 834 565 879 abisset'
587 852 714 894 quam
748 838 840 879 iure
868 838 1125 893 supplicium
1154 838 1324 894 luisset,
1357 854 1541 896 namque
1570 841 1722 882 talium

184 903 426 947 facinorum
457 920 586 948 causa
614 906 721 948 facti
752 905 880 961 latet,
913 906 1078 949 factum
1109 910 1331 962 spectatur
1360 907 1572 964 longeque
1602 924 1722 964 prae-

184 974 273 1015 stat
311 974 498 1016 secundo
536 974 732 1030 gentium
771 988 940 1016 rumore
978 974 1181 1016 iniuriam
1219 976 1452 1031 neglegere
1491 991 1619 1032 quam
1651 978 1722 1019 ad-

187 1055 310 1084 verso
339 1041 558 1084 vindicare
568 1051 597 1084 ⁸.
1538 1044 1542 1047 ’

299 1109 420 1152 Bello
465 1109 669 1153 Parthico
713 1112 892 1167 utroque
944 1110 1189 1154 consulares
1236 1112 1318 1154 viri
1361 1113 1443 1154 duo
1488 1113 1721 1155 exercitum

186 1177 357 1234 utrique
394 1178 599 1221 ducentes
629 1179 899 1221 obtruncati:
946 1178 1228 1222 Severianus⁵
1273 1180 1458 1236 quidem,
1499 1180 1630 1222 Lucio
1668 1181 1722 1222 ab

184 1246 288 1288 urbe
322 1245 549 1302 l⁶necdum
588 1247 718 1288 etiam
755 1249 848 1290 tum
885 1248 1101 1303 profecto,
1141 1248 1358 1290 enimvero
1392 1263 1488 1290 cum
1518 1262 1722 1304 praesens

183 1313 395 1356 Traianus
440 1314 654 1370 Euphrati
685 1317 729 1358 et
764 1315 953 1372 Tigridis
990 1315 1181 1371 portoria
1219 1330 1423 1372 equorum
1460 1318 1503 1358 et
1541 1316 1721 1358 camelo-

182 1396 277 1424 rum
312 1380 496 1440 trib[uta
525 1383 690 1442 onera]
709 1416 718 1426 .
753 1385 791 1426 .⁷
832 1398 902 1427 cer
940 1399 1089 1426 caesus
1128 1386 1207 1426 est.
1268 1384 1380 1426 Illud
1419 1383 1582 1442 eti[a1n]
1615 1399 1720 1427 com·

181 1464 301 1493 mune
329 1452 510 1504 utrisque
544 1459 602 1494 est
632 1440 729 1495 vilio
759 1452 936 1494 datumb
977 1452 1208 1494 histriones
1249 1468 1299 1494 ex
1330 1453 1435 1494 urbe
1466 1453 1511 1494 in
1552 1452 1720 1495 Suriam

183 1518 385 1561 aecissess.
448 1518 531 1562 Sed
562 1520 756 1575 profecto
786 1521 898 1563 sicut
927 1521 1127 1563 arborum
1159 1520 1388 1563 altissimas
1425 1520 1720 1563 vehementius

183 1587 325 1629 ventis
355 1587 474 1643 quati
505 1588 711 1643 videmus,
739 1589 814 1631 ‘ita
850 1589 1032 1632 virtutes
1073 1589 1281 1631 maximas
1319 1589 1482 1631 invidia
1521 1589 1731 1630 crimino-·

182 1655 272 1696 sius
303 1656 603 1699 insectaturess’.
665 1656 863 1700 Ceterum
893 1657 1005 1700 bello
1037 1658 1138 1699 an¹⁰
1170 1672 1275 1713 pace
1308 1657 1462 1699 clarior
1499 1657 1712 1698 Traianus

298 1781 321 1805 a
347 1772 389 1804 In
413 1774 582 1815 margine:
613 1769 785 1816 Namque
809 1791 901 1796 —-—
926 1770 1105 1806 vindicari
1129 1772 1217 1815 (sie).

296 1826 320 1861 b
348 1829 391 1862 In
414 1826 583 1872 mar-,qinez
607 1827 705 1863 Laus
730 1827 892 1863 Traiani.

296 1894 316 1917 c
340 1885 384 1918 In
409 1887 576 1930 marqine:
601 1883 653 1919 Ut
677 1884 831 1920 arbores
857 1885 921 1924 alt,
948 1905 991 1910 —
1017 1884 1122 1929 quati
1146 1884 1201 1920 ita
1224 1883 1381 1919 virtutes
1407 1905 1495 1909 ——
1520 1884 1679 1919 incessit.

299 1990 311 2020 1
341 1985 472 2022 Testes
497 1985 568 2022 Dio
592 1986 754 2022 LXVIII.
783 1990 823 2022 17
857 1988 896 2022 ct
919 1986 1050 2023 Victor
1074 1986 1235 2022 XLVIII.
1267 1977 1334 2030 105
1354 1986 1633 2022 contradicente
1659 1998 1717 2020 ne-

183 2042 383 2087 quicquam
407 2042 526 2078 Plinio
551 2043 691 2088 Paneg.
718 2055 747 2079 c.
778 2047 818 2078 16
844 2044 882 2079 et
908 2048 959 2079 17.
1011 2047 1136 2080 Maius.

299 2103 319 2134 2
344 2099 399 2135 De
423 2099 675 2145 legationibus
704 2099 753 2135 ad
784 2100 989 2136 Traianum
1018 2100 1184 2145 loquitur
1207 2100 1277 2135 Dio
1309 2101 1390 2136 loco
1415 2101 1541 2135 citato.
1592 2103 1735 2150 Maius-3

297 2161 318 2192 3
344 2157 402 2192 Ita
425 2155 560 2192 CodeX.
592 2155 645 2191 Cf.
671 2156 824 2202 Eutrop.
851 2157 988 2193 Histor.
1012 2157 1110 2193 VIII.
1137 2162 1167 2192 2.
1202 2156 1272 2192 Dio
1298 2157 1458 2192 LXVIII.
1487 2161 1539 2192 18.
1591 2159 1717 2191 Maium.

295 2216 318 2247 4
343 2213 420 2248 Scr.
449 2216 535 2249 Nam
559 2217 632 2250 elsi.
682 2216 915 2259 Heindorfius.

295 2273 316 2304 5
340 2269 396 2305 De
421 2281 465 2306 eo
497 2271 542 2306 cf.
567 2270 718 2306 Lucian.
744 2270 1002 2316 pseudomant.
1036 2282 1066 2306 c.
1094 2275 1153 2314 27,
1186 2272 1267 2306 tum
1293 2282 1415 2315 quom.
1442 2269 1527 2305 hist.
1555 2282 1584 2305 c.
1611 2274 1652 2304 21
1680 2271 1719 2303 et

181 2330 235 2360 25.
287 2328 413 2361 Maius.

295 2386 316 2417 6
340 2382 474 2428 Incipit
498 2382 587 2418 Cod.
612 2395 648 2429 p.
675 2387 753 2427 260,
778 2383 946 2420 obscura.

296 2442 315 2475 7
341 2438 481 2484 Supple
505 2450 644 2484 paucas
674 2439 829 2475 litteras.
869 2441 928 2475 Ita
957 2441 1087 2476 Maius.
1138 2441 1227 2475 Post
1257 2443 1385 2475 tributa
1416 2438 1632 2474 exciderunt
1657 2439 1715 2473 de-

183 2506 263 2530 cem
289 2497 366 2531 fere
390 2495 550 2531 litterae.
601 2495 671 2538 Qui
703 2507 830 2532 caesus
860 2501 918 2531 est
946 2508 1082 2532 nomen
1107 2496 1240 2532 habuit
1263 2496 1477 2531 Maximum.
1525 2495 1624 2529 Malo
1650 2495 1716 2529 ita-

183 2564 272 2596 que:
315 2581 322 2587 .
352 2581 358 2587 .
388 2580 395 2586 .
421 2556 623 2587 camelorum
648 2553 782 2587 tributa
805 2552 947 2588 locaret
966 2581 973 2589 .
1002 2582 1008 2588 .
1035 2566 1095 2588 cer
1118 2565 1239 2587 caesus
1263 2559 1324 2587 est.
1374 2551 1479 2595 Quod
1506 2562 1640 2585 nomen
1668 2551 1712 2585 la-

182 2610 274 2653 teat,
299 2608 525 2654 ignoramus.
574 2609 632 2643 An
656 2613 769 2644 ulter?

295 2668 317 2700 8
342 2664 394 2701 Cf.
431 2664 502 2700 Dio
534 2664 696 2701 LXVIII.
727 2668 771 2701 24
802 2666 840 2700 et
871 2664 1068 2710 Capitolini.
1096 2665 1143 2699 ‹le
1168 2665 1206 2700 L.
1232 2664 1320 2700 Veri
1356 2663 1534 2699 theatrali
1560 2663 1712 2699 insania.

184 2725 308 2759 Maius.
530 2752 534 2755 -

297 2783 318 2814 9
343 2777 401 2814 Ita
425 2778 561 2814 Codex.
610 2777 796 2821 Quattuor
821 2778 965 2813 litteras
990 2778 1202 2813 coniectura
1228 2777 1407 2824 supplevi.
1458 2776 1576 2813 Maius
1600 2776 1712 2812 habet

183 2850 202 2869 e
228 2835 397 2882 margine
422 2839 572 2871 incessit.

276 2897 317 2928 10
342 2892 482 2928 Codex:
514 2896 559 2928 in.

230 2973 363 2997 rnowr.
386 2973 433 2996 m*
450 2973 584 2996 Auum..
605 2973 724 2995 mus‘r.
784 2980 790 2983 -
1394 2950 1444 2991 14
