<?xml version="1.0" encoding="UTF-8"?>
<!DOCTYPE html PUBLIC "-//W3C//DTD XHTML 1.0 Transitional//EN"
    "http://www.w3.org/TR/xhtml1/DTD/xhtml1-transitional.dtd">
<html xmlns="http://www.w3.org/1999/xhtml" xml:lang="en" lang="en">
 <head>
  <title>
</title>
<meta http-equiv="Content-Type" content="text/html;charset=utf-8" />
  <meta name='ocr-system' content='tesseract 3.04.00' />
  <meta name='ocr-capabilities' content='ocr_page ocr_carea ocr_par ocr_line ocrx_word'/>
</head>
<body>
  <div class='ocr_page' id='page_1' title='image "./mcorneliifronton00fronuoft_0269.png"; bbox 0 0 1968 3158; ppageno 0'>
   <div class='ocr_carea' id='block_1_1' title="bbox 679 173 1749 221">
    <p class='ocr_par' dir='ltr' id='par_1_1' title="bbox 679 173 1749 221">
     <span class='ocr_line' id='line_1_1' title="bbox 679 173 1749 221; baseline 0.004 -11"><span class='ocrx_word' id='word_1_1' title='bbox 679 174 742 210; x_wconf 87' lang='lat' dir='ltr'>DE</span> <span class='ocrx_word' id='word_1_2' title='bbox 774 173 930 211; x_wconf 78' lang='lat' dir='ltr'>FERIIS</span> <span class='ocrx_word' id='word_1_3' title='bbox 956 173 1275 213; x_wconf 72' lang='lat' dir='ltr'>ALSIENSIBUS.</span> <span class='ocrx_word' id='word_1_4' title='bbox 1662 177 1749 221; x_wconf 82' lang='grc'>229</span> 
     </span>
    </p>
   </div>
   <div class='ocr_carea' id='block_1_2' title="bbox 208 289 1747 1705">
    <p class='ocr_par' dir='ltr' id='par_1_2' title="bbox 208 289 1747 1162">
     <span class='ocr_line' id='line_1_2' title="bbox 325 289 1747 350; baseline 0.002 -17"><span class='ocrx_word' id='word_1_5' title='bbox 325 289 435 333; x_wconf 89' lang='lat' dir='ltr'>Tum</span> <span class='ocrx_word' id='word_1_6' title='bbox 464 289 607 333; x_wconf 90' lang='lat' dir='ltr'>lovem</span> <span class='ocrx_word' id='word_1_7' title='bbox 644 289 743 332; x_wconf 84' lang='lat' dir='ltr'>deos</span> <span class='ocrx_word' id='word_1_8' title='bbox 774 289 880 333; x_wconf 86' lang='lat' dir='ltr'>alios</span> <span class='ocrx_word' id='word_1_9' title='bbox 911 291 1210 346; x_wconf 85' lang='lat' dir='ltr'>percontatum</span> <span class='ocrx_word' id='word_1_10' title='bbox 1241 290 1611 347; x_wconf 83' lang='lat' dir='ltr'>animadvertisse,</span> <span class='ocrx_word' id='word_1_11' title='bbox 1650 306 1747 350; x_wconf 75' lang='lat' dir='ltr'>gra-</span> 
     </span>
     <span class='ocr_line' id='line_1_3' title="bbox 211 357 1747 417; baseline 0.001 -14"><span class='ocrx_word' id='word_1_12' title='bbox 211 357 317 403; x_wconf 82' lang='lat' dir='ltr'>tiam</span> <span class='ocrx_word' id='word_1_13' title='bbox 348 358 523 415; x_wconf 86' lang='lat' dir='ltr'>vigiliae</span> <span class='ocrx_word' id='word_1_14' title='bbox 561 357 830 414; x_wconf 88' lang='lat' dir='ltr'>aliquantum</span> <span class='ocrx_word' id='word_1_15' title='bbox 868 357 1048 414; x_wconf 82' lang='lat' dir='ltr'>pollere3</span> <span class='ocrx_word' id='word_1_16' title='bbox 1088 357 1297 402; x_wconf 86' lang='lat' dir='ltr'>Iunonem</span> <span class='ocrx_word' id='word_1_17' title='bbox 1336 358 1560 416; x_wconf 80' lang='lat' dir='ltr'>plerosque</span> <span class='ocrx_word' id='word_1_18' title='bbox 1598 362 1747 417; x_wconf 81' lang='lat' dir='ltr'>partus</span> 
     </span>
     <span class='ocr_line' id='line_1_4' title="bbox 209 425 1744 485; baseline 0.001 -15"><span class='ocrx_word' id='word_1_19' title='bbox 209 428 444 470; x_wconf 88' lang='lat' dir='ltr'>nocturnos</span> <span class='ocrx_word' id='word_1_20' title='bbox 466 426 595 480; x_wconf 85' lang='lat' dir='ltr'>ciere3</span> <span class='ocrx_word' id='word_1_21' title='bbox 627 425 866 469; x_wconf 87' lang='lat' dir='ltr'>Minervam</span> <span class='ocrx_word' id='word_1_22' title='bbox 887 426 1043 469; x_wconf 87' lang='lat' dir='ltr'>artium</span> <span class='ocrx_word' id='word_1_23' title='bbox 1065 428 1192 483; x_wconf 86' lang='lat' dir='ltr'>atque</span> <span class='ocrx_word' id='word_1_24' title='bbox 1213 426 1426 471; x_wconf 84' lang='lat' dir='ltr'>artificum</span> <span class='ocrx_word' id='word_1_25' title='bbox 1446 428 1744 485; x_wconf 70' lang='lat' dir='ltr'>magistram}¹</span> 
     </span>
     <span class='ocr_line' id='line_1_5' title="bbox 210 493 1745 551; baseline 0.001 -14"><span class='ocrx_word' id='word_1_26' title='bbox 210 494 391 538; x_wconf 89' lang='lat' dir='ltr'>multum</span> <span class='ocrx_word' id='word_1_27' title='bbox 422 494 593 551; x_wconf 81' lang='lat' dir='ltr'>vigilari</span> <span class='ocrx_word' id='word_1_28' title='bbox 623 493 750 549; x_wconf 84' lang='lat' dir='ltr'>velle;</span> <span class='ocrx_word' id='word_1_29' title='bbox 789 493 973 536; x_wconf 85' lang='lat' dir='ltr'>Martem</span> <span class='ocrx_word' id='word_1_30' title='bbox 1009 496 1244 537; x_wconf 83' lang='lat' dir='ltr'>nocturnas</span> <span class='ocrx_word' id='word_1_31' title='bbox 1287 496 1534 551; x_wconf 78' lang='lat' dir='ltr'>emptiones</span> <span class='ocrx_word' id='word_1_32' title='bbox 1571 498 1615 539; x_wconf 88' lang='lat' dir='ltr'>et</span> <span class='ocrx_word' id='word_1_33' title='bbox 1643 496 1745 539; x_wconf 86' lang='lat' dir='ltr'>insi·</span> 
     </span>
     <span class='ocr_line' id='line_1_6' title="bbox 210 561 1745 617; baseline 0.002 -12"><span class='ocrx_word' id='word_1_34' title='bbox 210 562 302 605; x_wconf 86' lang='lat' dir='ltr'>dias</span> <span class='ocrx_word' id='word_1_35' title='bbox 340 562 534 605; x_wconf 83' lang='lat' dir='ltr'>mutare²</span> <span class='ocrx_word' id='word_1_36' title='bbox 571 562 738 617; x_wconf 80' lang='lat' dir='ltr'>iuvare3</span> <span class='ocrx_word' id='word_1_37' title='bbox 781 561 995 605; x_wconf 82' lang='lat' dir='ltr'>Venerem</span> <span class='ocrx_word' id='word_1_38' title='bbox 1032 576 1131 605; x_wconf 88' lang='lat' dir='ltr'>vero</span> <span class='ocrx_word' id='word_1_39' title='bbox 1168 565 1212 604; x_wconf 89' lang='lat' dir='ltr'>et</span> <span class='ocrx_word' id='word_1_40' title='bbox 1244 563 1442 607; x_wconf 82' lang='lat' dir='ltr'>Liberum</span> <span class='ocrx_word' id='word_1_41' title='bbox 1482 564 1620 607; x_wconf 86' lang='lat' dir='ltr'>multo</span> <span class='ocrx_word' id='word_1_42' title='bbox 1658 579 1745 608; x_wconf 82' lang='lat' dir='ltr'>ma-</span> 
     </span>
     <span class='ocr_line' id='line_1_7' title="bbox 210 629 1746 688; baseline 0.002 -15"><span class='ocrx_word' id='word_1_43' title='bbox 210 630 323 673; x_wconf 88' lang='lat' dir='ltr'>xime</span> <span class='ocrx_word' id='word_1_44' title='bbox 359 629 714 686; x_wconf 84' lang='lat' dir='ltr'>pernoctantibus</span> <span class='ocrx_word' id='word_1_45' title='bbox 751 629 910 672; x_wconf 87' lang='lat' dir='ltr'>favere.</span> <span class='ocrx_word' id='word_1_46' title='bbox 972 630 1101 686; x_wconf 82' lang='lat' dir='ltr'>Capit</span> <span class='ocrx_word' id='word_1_47' title='bbox 1145 634 1237 673; x_wconf 88' lang='lat' dir='ltr'>tum</span> <span class='ocrx_word' id='word_1_48' title='bbox 1282 631 1506 675; x_wconf 86' lang='lat' dir='ltr'>consilium</span> <span class='ocrx_word' id='word_1_49' title='bbox 1550 632 1746 688; x_wconf 87' lang='lat' dir='ltr'>Iuppiter</span> 
     </span>
     <span class='ocr_line' id='line_1_8' title="bbox 210 696 1743 754; baseline 0.002 -13"><span class='ocrx_word' id='word_1_50' title='bbox 210 696 358 741; x_wconf 87' lang='lat' dir='ltr'>Somni</span> <span class='ocrx_word' id='word_1_51' title='bbox 388 698 642 754; x_wconf 89' lang='lat' dir='ltr'>procreandi</span> <span class='ocrx_word' id='word_1_52' title='bbox 673 698 878 754; x_wconf 82' lang='lat' dir='ltr'>eumque³</span> <span class='ocrx_word' id='word_1_53' title='bbox 909 698 955 740; x_wconf 89' lang='lat' dir='ltr'>in</span> <span class='ocrx_word' id='word_1_54' title='bbox 986 698 1111 740; x_wconf 90' lang='lat' dir='ltr'>deum</span> <span class='ocrx_word' id='word_1_55' title='bbox 1131 713 1358 742; x_wconf 88' lang='lat' dir='ltr'>numerum</span> <span class='ocrx_word' id='word_1_56' title='bbox 1379 699 1594 754; x_wconf 81' lang='lat' dir='ltr'><strong>adsciscit,</strong></span> <span class='ocrx_word' id='word_1_57' title='bbox 1626 700 1743 744; x_wconf 86' lang='lat' dir='ltr'>nocti</span> 
     </span>
     <span class='ocr_line' id='line_1_9' title="bbox 210 765 1744 822; baseline 0.002 -14"><span class='ocrx_word' id='word_1_58' title='bbox 210 767 254 809; x_wconf 90' lang='lat' dir='ltr'>et</span> <span class='ocrx_word' id='word_1_59' title='bbox 287 766 375 809; x_wconf 89' lang='lat' dir='ltr'>otio</span> <span class='ocrx_word' id='word_1_60' title='bbox 411 765 631 821; x_wconf 79' lang='lat' dir='ltr'>praeficit⁴</span> <span class='ocrx_word' id='word_1_61' title='bbox 671 766 794 822; x_wconf 88' lang='lat' dir='ltr'>eique</span> <span class='ocrx_word' id='word_1_62' title='bbox 833 765 973 809; x_wconf 85' lang='lat' dir='ltr'>claves</span> <span class='ocrx_word' id='word_1_63' title='bbox 1011 766 1229 809; x_wconf 89' lang='lat' dir='ltr'>oculorum</span> <span class='ocrx_word' id='word_1_64' title='bbox 1266 767 1441 810; x_wconf 41' lang='lat' dir='ltr'>tradita</span> <span class='ocrx_word' id='word_1_65' title='bbox 1502 767 1744 811; x_wconf 84' lang='lat' dir='ltr'>Herbarum</span> 
     </span>
     <span class='ocr_line' id='line_1_10' title="bbox 209 833 1744 891; baseline 0.001 -15"><span class='ocrx_word' id='word_1_66' title='bbox 209 847 374 890; x_wconf 88' lang='lat' dir='ltr'>quoque</span> <span class='ocrx_word' id='word_1_67' title='bbox 411 847 557 887; x_wconf 86' lang='lat' dir='ltr'>sucos,</span> <span class='ocrx_word' id='word_1_68' title='bbox 597 833 750 889; x_wconf 86' lang='lat' dir='ltr'>quibus</span> <span class='ocrx_word' id='word_1_69' title='bbox 789 833 916 877; x_wconf 86' lang='lat' dir='ltr'>corda</span> <span class='ocrx_word' id='word_1_70' title='bbox 952 833 1175 876; x_wconf 91' lang='lat' dir='ltr'>hominum</span> <span class='ocrx_word' id='word_1_71' title='bbox 1213 834 1396 877; x_wconf 81' lang='lat' dir='ltr'>Somnus</span> <span class='ocrx_word' id='word_1_72' title='bbox 1426 835 1608 891; x_wconf 87' lang='lat' dir='ltr'>sopiret,</span> <span class='ocrx_word' id='word_1_73' title='bbox 1655 835 1744 878; x_wconf 89' lang='lat' dir='ltr'>suis</span> 
     </span>
     <span class='ocr_line' id='line_1_11' title="bbox 208 900 1743 958; baseline 0.001 -14"><span class='ocrx_word' id='word_1_74' title='bbox 208 900 403 957; x_wconf 87' lang='lat' dir='ltr'>Iuppiter</span> <span class='ocrx_word' id='word_1_75' title='bbox 431 902 631 944; x_wconf 85' lang='lat' dir='ltr'>manibus</span> <span class='ocrx_word' id='word_1_76' title='bbox 660 902 922 957; x_wconf 66' lang='lat' dir='ltr'>temperat5:</span> <span class='ocrx_word' id='word_1_77' title='bbox 954 901 1200 944; x_wconf 71' lang='lat' dir='ltr'><strong>securitatis</strong></span> <span class='ocrx_word' id='word_1_78' title='bbox 1239 904 1284 944; x_wconf 93' lang='lat' dir='ltr'>et</span> <span class='ocrx_word' id='word_1_79' title='bbox 1314 902 1546 958; x_wconf 88' lang='lat' dir='ltr'>voluptatis</span> <span class='ocrx_word' id='word_1_80' title='bbox 1584 903 1743 946; x_wconf 81' lang='lat' dir='ltr'>herbae</span> 
     </span>
     <span class='ocr_line' id='line_1_12' title="bbox 208 968 1743 1026; baseline 0.001 -14"><span class='ocrx_word' id='word_1_81' title='bbox 208 969 260 1012; x_wconf 92' lang='lat' dir='ltr'>de</span> <span class='ocrx_word' id='word_1_82' title='bbox 291 969 398 1012; x_wconf 90' lang='lat' dir='ltr'>caeli</span> <span class='ocrx_word' id='word_1_83' title='bbox 428 984 602 1012; x_wconf 88' lang='lat' dir='ltr'>nemore</span> <span class='ocrx_word' id='word_1_84' title='bbox 632 970 857 1024; x_wconf 77' lang='lat' dir='ltr'>advectae,</span> <span class='ocrx_word' id='word_1_85' title='bbox 897 970 949 1012; x_wconf 89' lang='lat' dir='ltr'>de</span> <span class='ocrx_word' id='word_1_86' title='bbox 979 968 1242 1012; x_wconf 85' lang='lat' dir='ltr'>Acheruntis</span> <span class='ocrx_word' id='word_1_87' title='bbox 1273 972 1417 1012; x_wconf 87' lang='lat' dir='ltr'>autem</span> <span class='ocrx_word' id='word_1_88' title='bbox 1446 971 1633 1026; x_wconf 80' lang='lat' dir='ltr'>prateis⁶</span> <span class='ocrx_word' id='word_1_89' title='bbox 1668 971 1743 1014; x_wconf 90' lang='lat' dir='ltr'>leti</span> 
     </span>
     <span class='ocr_line' id='line_1_13' title="bbox 209 1036 1740 1094; baseline 0.002 -15"><span class='ocrx_word' id='word_1_90' title='bbox 209 1036 342 1080; x_wconf 89' lang='lat' dir='ltr'>herba</span> <span class='ocrx_word' id='word_1_91' title='bbox 371 1037 522 1093; x_wconf 88' lang='lat' dir='ltr'>petita.</span> <span class='ocrx_word' id='word_1_92' title='bbox 584 1037 690 1080; x_wconf 87' lang='lat' dir='ltr'>Eius</span> <span class='ocrx_word' id='word_1_93' title='bbox 735 1038 811 1080; x_wconf 89' lang='lat' dir='ltr'>leti</span> <span class='ocrx_word' id='word_1_94' title='bbox 849 1038 1020 1094; x_wconf 78' lang='lat' dir='ltr'>guttam</span> <span class='ocrx_word' id='word_1_95' title='bbox 1057 1052 1189 1080; x_wconf 89' lang='lat' dir='ltr'>unam</span> <span class='ocrx_word' id='word_1_96' title='bbox 1233 1038 1464 1094; x_wconf 85' lang='lat' dir='ltr'>aspersisse</span> <span class='ocrx_word' id='word_1_97' title='bbox 1502 1039 1740 1094; x_wconf 82' lang='lat' dir='ltr'>minimam,</span> 
     </span>
     <span class='ocr_line' id='line_1_14' title="bbox 208 1105 1224 1162; baseline 0.001 -15"><span class='ocrx_word' id='word_1_98' title='bbox 208 1107 371 1162; x_wconf 89' lang='lat' dir='ltr'>quanta</span> <span class='ocrx_word' id='word_1_99' title='bbox 401 1105 713 1148; x_wconf 71' lang='lat' dir='ltr'>dissimulantis</span> <span class='ocrx_word' id='word_1_100' title='bbox 743 1105 922 1148; x_wconf 85' lang='lat' dir='ltr'>lacrima</span> <span class='ocrx_word' id='word_1_101' title='bbox 953 1120 1044 1148; x_wconf 87' lang='lat' dir='ltr'>esse</span> <span class='ocrx_word' id='word_1_102' title='bbox 1074 1105 1224 1148; x_wconf 74' lang='lat' dir='ltr'>soletb.</span> 
     </span>
    </p>

    <p class='ocr_par' dir='ltr' id='par_1_3' title="bbox 208 1172 1743 1434">
     <span class='ocr_line' id='line_1_15' title="bbox 321 1172 1741 1231; baseline 0.002 -16"><span class='ocrx_word' id='word_1_103' title='bbox 321 1173 430 1228; x_wconf 84' lang='lat' dir='ltr'>Hoc,</span> <span class='ocrx_word' id='word_1_104' title='bbox 462 1173 618 1230; x_wconf 87' lang='lat' dir='ltr'>inquit,</span> <span class='ocrx_word' id='word_1_105' title='bbox 651 1188 752 1217; x_wconf 89' lang='lat' dir='ltr'>suco</span> <span class='ocrx_word' id='word_1_106' title='bbox 782 1187 978 1230; x_wconf 89' lang='lat' dir='ltr'>soporem</span> <span class='ocrx_word' id='word_1_107' title='bbox 1007 1172 1253 1216; x_wconf 89' lang='lat' dir='ltr'>hominibus</span> <span class='ocrx_word' id='word_1_108' title='bbox 1285 1188 1360 1229; x_wconf 86' lang='lat' dir='ltr'>per</span> <span class='ocrx_word' id='word_1_109' title='bbox 1380 1174 1599 1217; x_wconf 85' lang='lat' dir='ltr'>oculorum</span> <span class='ocrx_word' id='word_1_110' title='bbox 1620 1189 1741 1231; x_wconf 90' lang='lat' dir='ltr'>repa-</span> 
     </span>
     <span class='ocr_line' id='line_1_16' title="bbox 211 1241 1741 1298; baseline 0.001 -15"><span class='ocrx_word' id='word_1_111' title='bbox 211 1241 315 1298; x_wconf 85' lang='lat' dir='ltr'>gula</span> <span class='ocrx_word' id='word_1_112' title='bbox 344 1242 509 1298; x_wconf 87' lang='lat' dir='ltr'>inriga:</span> <span class='ocrx_word' id='word_1_113' title='bbox 542 1242 709 1297; x_wconf 87' lang='lat' dir='ltr'>cuncti,</span> <span class='ocrx_word' id='word_1_114' title='bbox 749 1242 903 1298; x_wconf 86' lang='lat' dir='ltr'>quibus</span> <span class='ocrx_word' id='word_1_115' title='bbox 933 1241 1153 1298; x_wconf 68' lang='lat' dir='ltr'>infigaris,</span> <span class='ocrx_word' id='word_1_116' title='bbox 1185 1241 1285 1284; x_wconf 90' lang='lat' dir='ltr'>ilico</span> <span class='ocrx_word' id='word_1_117' title='bbox 1316 1244 1414 1297; x_wconf 84' lang='lat' dir='ltr'>post</span> <span class='ocrx_word' id='word_1_118' title='bbox 1442 1243 1741 1298; x_wconf 87' lang='lat' dir='ltr'>procumbent,</span> 
     </span>
     <span class='ocr_line' id='line_1_17' title="bbox 208 1309 1743 1365; baseline 0.001 -14"><span class='ocrx_word' id='word_1_119' title='bbox 208 1324 287 1365; x_wconf 88' lang='lat' dir='ltr'>pro</span> <span class='ocrx_word' id='word_1_120' title='bbox 307 1342 316 1352; x_wconf 93' lang='lat'>.</span> <span class='ocrx_word' id='word_1_121' title='bbox 337 1342 347 1352; x_wconf 90' lang='lat'>.</span> <span class='ocrx_word' id='word_1_122' title='bbox 366 1343 375 1352; x_wconf 93' lang='lat'>.</span> <span class='ocrx_word' id='word_1_123' title='bbox 397 1309 601 1352; x_wconf 87' lang='lat' dir='ltr'>mortuis⁷</span> <span class='ocrx_word' id='word_1_124' title='bbox 622 1309 862 1352; x_wconf 83' lang='lat' dir='ltr'>immobiles</span> <span class='ocrx_word' id='word_1_125' title='bbox 891 1309 1113 1352; x_wconf 86' lang='lat' dir='ltr'>iacebunt:</span> <span class='ocrx_word' id='word_1_126' title='bbox 1157 1311 1249 1352; x_wconf 89' lang='lat' dir='ltr'>tum</span> <span class='ocrx_word' id='word_1_127' title='bbox 1278 1312 1327 1352; x_wconf 93' lang='lat' dir='ltr'>tu</span> <span class='ocrx_word' id='word_1_128' title='bbox 1356 1325 1411 1352; x_wconf 92' lang='lat' dir='ltr'>ne</span> <span class='ocrx_word' id='word_1_129' title='bbox 1440 1309 1604 1365; x_wconf 77' lang='lat' dir='ltr'>timeto,</span> <span class='ocrx_word' id='word_1_130' title='bbox 1641 1326 1743 1354; x_wconf 91' lang='lat' dir='ltr'>nam</span> 
     </span>
     <span class='ocr_line' id='line_1_18' title="bbox 208 1376 1489 1434; baseline 0 -14"><span class='ocrx_word' id='word_1_131' title='bbox 208 1376 382 1420; x_wconf 79' lang='lat' dir='ltr'>vivent⁸</span> <span class='ocrx_word' id='word_1_132' title='bbox 414 1380 457 1420; x_wconf 92' lang='lat' dir='ltr'>et</span> <span class='ocrx_word' id='word_1_133' title='bbox 486 1378 615 1433; x_wconf 90' lang='lat' dir='ltr'>paulo</span> <span class='ocrx_word' id='word_1_134' title='bbox 644 1381 756 1434; x_wconf 82' lang='lat' dir='ltr'>post,</span> <span class='ocrx_word' id='word_1_135' title='bbox 789 1378 861 1420; x_wconf 91' lang='lat' dir='ltr'>ubi</span> <span class='ocrx_word' id='word_1_136' title='bbox 893 1378 1208 1434; x_wconf 74' lang='lat' dir='ltr'>evigilaverint,</span> <span class='ocrx_word' id='word_1_137' title='bbox 1242 1380 1489 1434; x_wconf 84' lang='lat' dir='ltr'>exsurgent.</span> 
     </span>
    </p>

    <p class='ocr_par' dir='ltr' id='par_1_4' title="bbox 208 1445 1742 1569">
     <span class='ocr_line' id='line_1_19' title="bbox 320 1445 1742 1502; baseline 0 -14"><span class='ocrx_word' id='word_1_138' title='bbox 320 1445 425 1488; x_wconf 87' lang='lat' dir='ltr'>Post</span> <span class='ocrx_word' id='word_1_139' title='bbox 453 1445 497 1487; x_wconf 90' lang='lat' dir='ltr'>id</span> <span class='ocrx_word' id='word_1_140' title='bbox 527 1445 721 1502; x_wconf 90' lang='lat' dir='ltr'>Iuppiter</span> <span class='ocrx_word' id='word_1_141' title='bbox 751 1446 863 1501; x_wconf 85' lang='lat' dir='ltr'>alas,</span> <span class='ocrx_word' id='word_1_142' title='bbox 896 1460 984 1488; x_wconf 91' lang='lat' dir='ltr'>non</span> <span class='ocrx_word' id='word_1_143' title='bbox 1021 1448 1071 1488; x_wconf 92' lang='lat' dir='ltr'>ut</span> <span class='ocrx_word' id='word_1_144' title='bbox 1106 1446 1320 1488; x_wconf 88' lang='lat' dir='ltr'>Mercurio</span> <span class='ocrx_word' id='word_1_145' title='bbox 1357 1445 1539 1500; x_wconf 77' lang='lat' dir='ltr'>talares,</span> <span class='ocrx_word' id='word_1_146' title='bbox 1580 1445 1654 1488; x_wconf 90' lang='lat' dir='ltr'>sed</span> <span class='ocrx_word' id='word_1_147' title='bbox 1693 1448 1742 1488; x_wconf 91' lang='lat' dir='ltr'>ut</span> 
     </span>
     <span class='ocr_line' id='line_1_20' title="bbox 208 1513 1255 1569; baseline 0.001 -14"><span class='ocrx_word' id='word_1_148' title='bbox 208 1513 359 1556; x_wconf 92' lang='lat' dir='ltr'>Amori</span> <span class='ocrx_word' id='word_1_149' title='bbox 388 1515 582 1555; x_wconf 78' lang='lat' dir='ltr'>umeros⁹</span> <span class='ocrx_word' id='word_1_150' title='bbox 613 1516 789 1569; x_wconf 86' lang='lat' dir='ltr'>exaptos</span> <span class='ocrx_word' id='word_1_151' title='bbox 820 1513 978 1556; x_wconf 86' lang='lat' dir='ltr'>Somno</span> <span class='ocrx_word' id='word_1_152' title='bbox 1013 1513 1255 1556; x_wconf 69' lang='lat' dir='ltr'>adnexuitc.</span> 
     </span>
    </p>

    <p class='ocr_par' dir='ltr' id='par_1_5' title="bbox 208 1580 1741 1705">
     <span class='ocr_line' id='line_1_21' title="bbox 321 1580 1741 1636; baseline 0.001 -13"><span class='ocrx_word' id='word_1_153' title='bbox 321 1580 419 1623; x_wconf 93' lang='lat' dir='ltr'>Non</span> <span class='ocrx_word' id='word_1_154' title='bbox 450 1581 566 1623; x_wconf 87' lang='lat' dir='ltr'>enim</span> <span class='ocrx_word' id='word_1_155' title='bbox 594 1583 638 1623; x_wconf 86' lang='lat' dir='ltr'>te</span> <span class='ocrx_word' id='word_1_156' title='bbox 668 1582 769 1624; x_wconf 85' lang='lat' dir='ltr'>solis</span> <span class='ocrx_word' id='word_1_157' title='bbox 799 1583 875 1623; x_wconf 88' lang='lat' dir='ltr'>aut</span> <span class='ocrx_word' id='word_1_158' title='bbox 886 1582 918 1608; x_wconf 88' lang='lat'>¹⁰</span> <span class='ocrx_word' id='word_1_159' title='bbox 949 1581 1077 1623; x_wconf 86' lang='lat' dir='ltr'>talari</span> <span class='ocrx_word' id='word_1_160' title='bbox 1106 1583 1261 1623; x_wconf 86' lang='lat' dir='ltr'>ornatu</span> <span class='ocrx_word' id='word_1_161' title='bbox 1300 1581 1354 1623; x_wconf 84' lang='lat' dir='ltr'>ad</span> <span class='ocrx_word' id='word_1_162' title='bbox 1390 1581 1571 1636; x_wconf 89' lang='lat' dir='ltr'>pupulas</span> <span class='ocrx_word' id='word_1_163' title='bbox 1609 1581 1741 1624; x_wconf 82' lang='lat' dir='ltr'>homi·</span> 
     </span>
     <span class='ocr_line' id='line_1_22' title="bbox 208 1647 1741 1705; baseline 0 -14"><span class='ocrx_word' id='word_1_164' title='bbox 208 1664 312 1691; x_wconf 85' lang='lat' dir='ltr'>num</span> <span class='ocrx_word' id='word_1_165' title='bbox 343 1651 386 1691; x_wconf 88' lang='lat' dir='ltr'>et</span> <span class='ocrx_word' id='word_1_166' title='bbox 406 1649 634 1705; x_wconf 84' lang='lat' dir='ltr'>palpebras</span> <span class='ocrx_word' id='word_1_167' title='bbox 647 1649 677 1676; x_wconf 88' lang='lat'>¹¹</span> <span class='ocrx_word' id='word_1_168' title='bbox 699 1649 918 1692; x_wconf 88' lang='lat' dir='ltr'>incurrere</span> <span class='ocrx_word' id='word_1_169' title='bbox 939 1650 1109 1704; x_wconf 90' lang='lat' dir='ltr'>oportet</span> <span class='ocrx_word' id='word_1_170' title='bbox 1139 1647 1342 1691; x_wconf 76' lang='grc'>01111111112</span> <span class='ocrx_word' id='word_1_171' title='bbox 1372 1650 1556 1704; x_wconf 86' lang='lat' dir='ltr'>strepitu</span> <span class='ocrx_word' id='word_1_172' title='bbox 1577 1651 1621 1691; x_wconf 94' lang='lat' dir='ltr'>et</span> <span class='ocrx_word' id='word_1_173' title='bbox 1645 1664 1741 1692; x_wconf 90' lang='lat' dir='ltr'>cum</span> 
     </span>
    </p>
   </div>
   <div class='ocr_carea' id='block_1_3' title="bbox 355 1732 478 1736">
    <p class='ocr_par' dir='ltr' id='par_1_6' title="bbox 355 1732 478 1736">
     <span class='ocr_line' id='line_1_23' title="bbox 355 1732 478 1736; baseline 0 0"><span class='ocrx_word' id='word_1_174' title='bbox 355 1732 478 1736; x_wconf 95' lang='lat' dir='ltr'> </span> 
     </span>
    </p>
   </div>
   <div class='ocr_carea' id='block_1_4' title="bbox 208 1761 1741 1969">
    <p class='ocr_par' dir='ltr' id='par_1_7' title="bbox 321 1761 1511 1808">
     <span class='ocr_line' id='line_1_24' title="bbox 321 1761 1511 1808; baseline -0.003 -9"><span class='ocrx_word' id='word_1_175' title='bbox 321 1775 345 1799; x_wconf 90' lang='lat' dir='ltr'>a</span> <span class='ocrx_word' id='word_1_176' title='bbox 367 1766 413 1798; x_wconf 86' lang='lat' dir='ltr'>In</span> <span class='ocrx_word' id='word_1_177' title='bbox 436 1766 602 1808; x_wconf 65' lang='lat' dir='ltr'>margine:</span> <span class='ocrx_word' id='word_1_178' title='bbox 634 1762 805 1808; x_wconf 88' lang='lat' dir='ltr'>Iuppiter</span> <span class='ocrx_word' id='word_1_179' title='bbox 830 1772 959 1797; x_wconf 89' lang='lat' dir='ltr'>somno</span> <span class='ocrx_word' id='word_1_180' title='bbox 984 1761 1106 1797; x_wconf 85' lang='lat' dir='ltr'>claves</span> <span class='ocrx_word' id='word_1_181' title='bbox 1130 1761 1321 1797; x_wconf 89' lang='lat' dir='ltr'>oculorum</span> <span class='ocrx_word' id='word_1_182' title='bbox 1345 1761 1511 1797; x_wconf 85' lang='lat' dir='ltr'>tradidit.</span> 
     </span>
    </p>

    <p class='ocr_par' dir='ltr' id='par_1_8' title="bbox 320 1817 1538 1866">
     <span class='ocr_line' id='line_1_25' title="bbox 320 1817 1538 1866; baseline -0.002 -11"><span class='ocrx_word' id='word_1_183' title='bbox 320 1820 345 1855; x_wconf 92' lang='lat' dir='ltr'>b</span> <span class='ocrx_word' id='word_1_184' title='bbox 372 1823 416 1855; x_wconf 85' lang='lat' dir='ltr'>ln</span> <span class='ocrx_word' id='word_1_185' title='bbox 439 1823 606 1866; x_wconf 65' lang='lat' dir='ltr'>maraine:</span> <span class='ocrx_word' id='word_1_186' title='bbox 633 1818 750 1855; x_wconf 84' lang='lat' dir='ltr'>Gutta</span> <span class='ocrx_word' id='word_1_187' title='bbox 772 1830 847 1854; x_wconf 87' lang='lat' dir='ltr'>una</span> <span class='ocrx_word' id='word_1_188' title='bbox 871 1846 878 1853; x_wconf 92' lang='lat'>.</span> <span class='ocrx_word' id='word_1_189' title='bbox 907 1846 914 1854; x_wconf 93' lang='lat'>.</span> <span class='ocrx_word' id='word_1_190' title='bbox 943 1846 949 1852; x_wconf 96' lang='lat'>.</span> <span class='ocrx_word' id='word_1_191' title='bbox 978 1846 985 1852; x_wconf 89' lang='lat'>.</span> <span class='ocrx_word' id='word_1_192' title='bbox 1012 1829 1158 1863; x_wconf 75' lang='lat' dir='ltr'>aspersa</span> <span class='ocrx_word' id='word_1_193' title='bbox 1183 1817 1448 1854; x_wconf 78' lang='lat' dir='ltr'>dissimulantis</span> <span class='ocrx_word' id='word_1_194' title='bbox 1473 1820 1538 1853; x_wconf 85' lang='lat' dir='ltr'>est.</span> 
     </span>
    </p>

    <p class='ocr_par' dir='ltr' id='par_1_9' title="bbox 208 1873 1741 1969">
     <span class='ocr_line' id='line_1_26' title="bbox 323 1873 1741 1922; baseline -0.002 -10"><span class='ocrx_word' id='word_1_195' title='bbox 323 1888 342 1912; x_wconf 94' lang='lat' dir='ltr'>c</span> <span class='ocrx_word' id='word_1_196' title='bbox 366 1879 411 1912; x_wconf 87' lang='lat' dir='ltr'>ln</span> <span class='ocrx_word' id='word_1_197' title='bbox 435 1880 602 1922; x_wconf 67' lang='lat' dir='ltr'>margine:</span> <span class='ocrx_word' id='word_1_198' title='bbox 634 1875 801 1921; x_wconf 87' lang='lat' dir='ltr'>Iuppiter</span> <span class='ocrx_word' id='word_1_199' title='bbox 825 1874 903 1910; x_wconf 84' lang='lat' dir='ltr'>alas</span> <span class='ocrx_word' id='word_1_200' title='bbox 928 1884 1057 1909; x_wconf 89' lang='lat' dir='ltr'>somno</span> <span class='ocrx_word' id='word_1_201' title='bbox 1082 1884 1155 1909; x_wconf 90' lang='lat' dir='ltr'>non</span> <span class='ocrx_word' id='word_1_202' title='bbox 1173 1874 1215 1909; x_wconf 85' lang='lat' dir='ltr'>ut</span> <span class='ocrx_word' id='word_1_203' title='bbox 1229 1873 1412 1910; x_wconf 87' lang='lat' dir='ltr'>Mercurio</span> <span class='ocrx_word' id='word_1_204' title='bbox 1437 1874 1585 1918; x_wconf 80' lang='lat' dir='ltr'>talares,</span> <span class='ocrx_word' id='word_1_205' title='bbox 1609 1874 1675 1910; x_wconf 89' lang='lat' dir='ltr'>sed</span> <span class='ocrx_word' id='word_1_206' title='bbox 1699 1876 1741 1910; x_wconf 88' lang='lat' dir='ltr'>ut</span> 
     </span>
     <span class='ocr_line' id='line_1_27' title="bbox 208 1930 1055 1969; baseline -0.004 0"><span class='ocrx_word' id='word_1_207' title='bbox 208 1933 335 1969; x_wconf 91' lang='lat' dir='ltr'>Amori</span> <span class='ocrx_word' id='word_1_208' title='bbox 359 1942 507 1968; x_wconf 86' lang='lat' dir='ltr'>umeros</span> <span class='ocrx_word' id='word_1_209' title='bbox 532 1932 682 1968; x_wconf 86' lang='lat' dir='ltr'>exactos</span> <span class='ocrx_word' id='word_1_210' title='bbox 706 1930 843 1967; x_wconf 88' lang='lat' dir='ltr'>Somno</span> <span class='ocrx_word' id='word_1_211' title='bbox 869 1930 1055 1966; x_wconf 83' lang='lat' dir='ltr'>adnexuit.</span> 
     </span>
    </p>
   </div>
   <div class='ocr_carea' id='block_1_5' title="bbox 211 2005 442 2011">
    <p class='ocr_par' dir='ltr' id='par_1_10' title="bbox 211 2005 442 2011">
     <span class='ocr_line' id='line_1_28' title="bbox 211 2005 442 2011; baseline 0 0"><span class='ocrx_word' id='word_1_212' title='bbox 211 2005 442 2011; x_wconf 95' lang='lat' dir='ltr'> </span> 
     </span>
    </p>
   </div>
   <div class='ocr_carea' id='block_1_6' title="bbox 208 2034 1738 2418">
    <p class='ocr_par' dir='ltr' id='par_1_11' title="bbox 324 2034 781 2081">
     <span class='ocr_line' id='line_1_29' title="bbox 324 2034 781 2081; baseline -0.007 -10"><span class='ocrx_word' id='word_1_213' title='bbox 324 2041 341 2071; x_wconf 95' lang='lat'>1</span> <span class='ocrx_word' id='word_1_214' title='bbox 367 2035 502 2081; x_wconf 86' lang='lat' dir='ltr'>Incipit</span> <span class='ocrx_word' id='word_1_215' title='bbox 525 2034 614 2070; x_wconf 80' lang='lat' dir='ltr'>eod.</span> <span class='ocrx_word' id='word_1_216' title='bbox 640 2046 677 2080; x_wconf 90' lang='lat' dir='ltr'>p.</span> <span class='ocrx_word' id='word_1_217' title='bbox 704 2037 781 2069; x_wconf 82' lang='lat'>214.</span> 
     </span>
    </p>

    <p class='ocr_par' dir='ltr' id='par_1_12' title="bbox 208 2089 1738 2191">
     <span class='ocr_line' id='line_1_30' title="bbox 321 2089 1738 2136; baseline -0.002 -9"><span class='ocrx_word' id='word_1_218' title='bbox 321 2096 342 2127; x_wconf 87' lang='lat'>2</span> <span class='ocrx_word' id='word_1_219' title='bbox 365 2091 598 2127; x_wconf 87' lang='lat' dir='ltr'>Vocabulum</span> <span class='ocrx_word' id='word_1_220' title='bbox 622 2090 848 2136; x_wconf 86' lang='lat' dir='ltr'>corruptum.</span> <span class='ocrx_word' id='word_1_221' title='bbox 881 2090 939 2124; x_wconf 88' lang='lat' dir='ltr'>An</span> <span class='ocrx_word' id='word_1_222' title='bbox 964 2093 1070 2124; x_wconf 78' lang='lat' dir='ltr'>tuem-z·</span> <span class='ocrx_word' id='word_1_223' title='bbox 1092 2096 1124 2125; x_wconf 76' lang='lat' dir='ltr'>ee</span> <span class='ocrx_word' id='word_1_224' title='bbox 1148 2092 1276 2125; x_wconf 82' lang='lat' dir='ltr'>iuvare.</span> <span class='ocrx_word' id='word_1_225' title='bbox 1315 2092 1548 2134; x_wconf 75' lang='lat' dir='ltr'>Heindorfius.</span> <span class='ocrx_word' id='word_1_226' title='bbox 1586 2089 1738 2125; x_wconf 87' lang='lat' dir='ltr'>Fuitne:</span> 
     </span>
     <span class='ocr_line' id='line_1_31' title="bbox 208 2145 1429 2191; baseline -0.002 -6"><span class='ocrx_word' id='word_1_227' title='bbox 208 2153 352 2185; x_wconf 73' lang='lat' dir='ltr'>insidias</span> <span class='ocrx_word' id='word_1_228' title='bbox 375 2152 539 2184; x_wconf 74' lang='lat' dir='ltr'>militares</span> <span class='ocrx_word' id='word_1_229' title='bbox 562 2151 704 2183; x_wconf 78' lang='lat' dir='ltr'>iuvare?</span> <span class='ocrx_word' id='word_1_230' title='bbox 753 2148 908 2182; x_wconf 73' lang='lat' dir='ltr'>Orellius.</span> <span class='ocrx_word' id='word_1_231' title='bbox 956 2145 1140 2191; x_wconf 85' lang='lat' dir='ltr'>Hauptius</span> <span class='ocrx_word' id='word_1_232' title='bbox 1165 2145 1267 2182; x_wconf 85' lang='lat' dir='ltr'>delet</span> <span class='ocrx_word' id='word_1_233' title='bbox 1290 2153 1429 2182; x_wconf 79' lang='lat' dir='ltr'>mutare.</span> 
     </span>
    </p>

    <p class='ocr_par' dir='ltr' id='par_1_13' title="bbox 321 2203 604 2242">
     <span class='ocr_line' id='line_1_32' title="bbox 321 2203 604 2242; baseline -0.011 0"><span class='ocrx_word' id='word_1_234' title='bbox 321 2210 343 2242; x_wconf 88' lang='lat'>3</span> <span class='ocrx_word' id='word_1_235' title='bbox 368 2204 449 2241; x_wconf 92' lang='lat' dir='ltr'>Om.</span> <span class='ocrx_word' id='word_1_236' title='bbox 474 2203 604 2241; x_wconf 80' lang='lat' dir='ltr'>Maius.</span> 
     </span>
    </p>

    <p class='ocr_par' dir='ltr' id='par_1_14' title="bbox 320 2261 720 2306">
     <span class='ocr_line' id='line_1_33' title="bbox 320 2261 720 2306; baseline -0.005 -9"><span class='ocrx_word' id='word_1_237' title='bbox 320 2266 342 2297; x_wconf 87' lang='lat'>4</span> <span class='ocrx_word' id='word_1_238' title='bbox 367 2261 509 2298; x_wconf 86' lang='lat' dir='ltr'>Codex:</span> <span class='ocrx_word' id='word_1_239' title='bbox 534 2263 720 2306; x_wconf 78' lang='lat' dir='ltr'>praefecit.</span> 
     </span>
    </p>

    <p class='ocr_par' dir='ltr' id='par_1_15' title="bbox 322 2317 741 2362">
     <span class='ocr_line' id='line_1_34' title="bbox 322 2317 741 2362; baseline -0.007 -8"><span class='ocrx_word' id='word_1_240' title='bbox 322 2323 343 2354; x_wconf 82' lang='lat'>5</span> <span class='ocrx_word' id='word_1_241' title='bbox 365 2317 501 2353; x_wconf 86' lang='lat' dir='ltr'>Maius.</span> <span class='ocrx_word' id='word_1_242' title='bbox 531 2321 741 2362; x_wconf 80' lang='lat' dir='ltr'>temperavit.</span> 
     </span>
    </p>

    <p class='ocr_par' dir='ltr' id='par_1_16' title="bbox 322 2372 1736 2418">
     <span class='ocr_line' id='line_1_35' title="bbox 322 2372 1736 2418; baseline -0.001 -10"><span class='ocrx_word' id='word_1_243' title='bbox 322 2377 342 2409; x_wconf 88' lang='grc'>6</span> <span class='ocrx_word' id='word_1_244' title='bbox 367 2373 423 2408; x_wconf 90' lang='lat' dir='ltr'>De</span> <span class='ocrx_word' id='word_1_245' title='bbox 447 2383 550 2408; x_wconf 90' lang='lat' dir='ltr'>more</span> <span class='ocrx_word' id='word_1_246' title='bbox 574 2384 644 2408; x_wconf 88' lang='lat' dir='ltr'>sec.</span> <span class='ocrx_word' id='word_1_247' title='bbox 670 2385 718 2408; x_wconf 87' lang='lat' dir='ltr'>m.</span> <span class='ocrx_word' id='word_1_248' title='bbox 746 2384 857 2413; x_wconf 83' lang='lat' dir='ltr'>corr.:</span> <span class='ocrx_word' id='word_1_249' title='bbox 886 2377 1012 2418; x_wconf 70' lang='lat' dir='ltr'>praeis.</span> <span class='ocrx_word' id='word_1_250' title='bbox 1036 2392 1078 2398; x_wconf 89' lang='lat'>—</span> <span class='ocrx_word' id='word_1_251' title='bbox 1106 2375 1225 2408; x_wconf 80' lang='lat' dir='ltr'>Letum</span> <span class='ocrx_word' id='word_1_252' title='bbox 1248 2372 1399 2418; x_wconf 86' lang='lat' dir='ltr'>proprie</span> <span class='ocrx_word' id='word_1_253' title='bbox 1425 2373 1481 2407; x_wconf 84' lang='lat' dir='ltr'>est</span> <span class='ocrx_word' id='word_1_254' title='bbox 1503 2375 1635 2410; x_wconf 79' lang='lat' dir='ltr'>obtimo.</span> <span class='ocrx_word' id='word_1_255' title='bbox 1683 2372 1736 2407; x_wconf 84' lang='lat' dir='ltr'>Cf.</span> 
     </span>
    </p>
   </div>
   <div class='ocr_carea' id='block_1_7' title="bbox 210 2428 1735 2926">
    <p class='ocr_par' dir='ltr' id='par_1_17' title="bbox 210 2428 1060 2466">
     <span class='ocr_line' id='line_1_36' title="bbox 210 2428 1060 2466; baseline -0.002 0"><span class='ocrx_word' id='word_1_256' title='bbox 210 2430 331 2466; x_wconf 88' lang='lat' dir='ltr'>Varro</span> <span class='ocrx_word' id='word_1_257' title='bbox 355 2430 395 2465; x_wconf 92' lang='lat' dir='ltr'>L.</span> <span class='ocrx_word' id='word_1_258' title='bbox 421 2429 461 2465; x_wconf 94' lang='lat' dir='ltr'>L.</span> <span class='ocrx_word' id='word_1_259' title='bbox 487 2428 568 2464; x_wconf 89' lang='lat' dir='ltr'>VH.</span> <span class='ocrx_word' id='word_1_260' title='bbox 594 2433 637 2464; x_wconf 80' lang='lat'>42</span> <span class='ocrx_word' id='word_1_261' title='bbox 662 2429 701 2464; x_wconf 85' lang='lat' dir='ltr'>et</span> <span class='ocrx_word' id='word_1_262' title='bbox 722 2428 884 2465; x_wconf 87' lang='lat' dir='ltr'>Festum.</span> <span class='ocrx_word' id='word_1_263' title='bbox 934 2432 1060 2464; x_wconf 73' lang='lat' dir='ltr'>Maius.</span> 
     </span>
    </p>

    <p class='ocr_par' dir='ltr' id='par_1_18' title="bbox 210 2483 1735 2585">
     <span class='ocr_line' id='line_1_37' title="bbox 322 2483 1735 2530; baseline -0.001 -10"><span class='ocrx_word' id='word_1_264' title='bbox 322 2490 341 2521; x_wconf 80' lang='lat'><strong>7</strong></span> <span class='ocrx_word' id='word_1_265' title='bbox 368 2484 456 2521; x_wconf 89' lang='lat' dir='ltr'>Cod.</span> <span class='ocrx_word' id='word_1_266' title='bbox 482 2483 577 2520; x_wconf 87' lang='lat' dir='ltr'>PRO</span> <span class='ocrx_word' id='word_1_267' title='bbox 604 2513 611 2520; x_wconf 94' lang='lat'>.</span> <span class='ocrx_word' id='word_1_268' title='bbox 640 2513 647 2520; x_wconf 91' lang='lat'>.</span> <span class='ocrx_word' id='word_1_269' title='bbox 674 2513 681 2520; x_wconf 95' lang='lat'>.</span> <span class='ocrx_word' id='word_1_270' title='bbox 709 2483 811 2520; x_wconf 67' lang='grc' dir='ltr'>ΘΟΕ,</span> <span class='ocrx_word' id='word_1_271' title='bbox 835 2513 843 2520; x_wconf 96' lang='grc'>.</span> <span class='ocrx_word' id='word_1_272' title='bbox 868 2484 958 2520; x_wconf 86' lang='lat' dir='ltr'>UIS.</span> <span class='ocrx_word' id='word_1_273' title='bbox 1005 2483 1126 2520; x_wconf 84' lang='lat' dir='ltr'>Maius</span> <span class='ocrx_word' id='word_1_274' title='bbox 1149 2484 1272 2520; x_wconf 88' lang='lat' dir='ltr'>locum</span> <span class='ocrx_word' id='word_1_275' title='bbox 1295 2484 1392 2519; x_wconf 84' lang='lat' dir='ltr'>male</span> <span class='ocrx_word' id='word_1_276' title='bbox 1418 2483 1606 2530; x_wconf 87' lang='lat' dir='ltr'>supplevit</span> <span class='ocrx_word' id='word_1_277' title='bbox 1628 2488 1735 2529; x_wconf 77' lang='lat' dir='ltr'>proti-</span> 
     </span>
     <span class='ocr_line' id='line_1_38' title="bbox 210 2545 1418 2585; baseline -0.002 -7"><span class='ocrx_word' id='word_1_278' title='bbox 210 2556 271 2579; x_wconf 74' lang='lat' dir='ltr'>nus</span> <span class='ocrx_word' id='word_1_279' title='bbox 294 2545 420 2578; x_wconf 62' lang='lat' dir='ltr'>viribus·</span> <span class='ocrx_word' id='word_1_280' title='bbox 442 2545 524 2578; x_wconf 70' lang='lat' dir='ltr'>suis.</span> <span class='ocrx_word' id='word_1_281' title='bbox 1414 2582 1418 2585; x_wconf 86' lang='lat'>.</span> 
     </span>
    </p>

    <p class='ocr_par' dir='ltr' id='par_1_19' title="bbox 322 2595 1470 2642">
     <span class='ocr_line' id='line_1_39' title="bbox 322 2595 1470 2642; baseline -0.002 -9"><span class='ocrx_word' id='word_1_282' title='bbox 322 2602 344 2634; x_wconf 93' lang='grc'>8</span> <span class='ocrx_word' id='word_1_283' title='bbox 367 2597 434 2633; x_wconf 88' lang='lat' dir='ltr'>Ed.</span> <span class='ocrx_word' id='word_1_284' title='bbox 459 2596 626 2632; x_wconf 82' lang='lat' dir='ltr'>Mediol.:</span> <span class='ocrx_word' id='word_1_285' title='bbox 651 2600 684 2632; x_wconf 84' lang='lat' dir='ltr'>vi</span> <span class='ocrx_word' id='word_1_286' title='bbox 704 2601 815 2632; x_wconf 75' lang='lat' dir='ltr'>veniet</span> <span class='ocrx_word' id='word_1_287' title='bbox 835 2600 951 2642; x_wconf 84' lang='lat' dir='ltr'>paulo.</span> <span class='ocrx_word' id='word_1_288' title='bbox 999 2596 1255 2633; x_wconf 76' lang='lat' dir='ltr'>Emendarunt</span> <span class='ocrx_word' id='word_1_289' title='bbox 1276 2595 1470 2632; x_wconf 85' lang='lat' dir='ltr'>triumviri.</span> 
     </span>
    </p>

    <p class='ocr_par' dir='ltr' id='par_1_20' title="bbox 210 2651 1733 2755">
     <span class='ocr_line' id='line_1_40' title="bbox 323 2651 1733 2700; baseline -0.001 -10"><span class='ocrx_word' id='word_1_290' title='bbox 323 2659 344 2691; x_wconf 86' lang='grc'>9</span> <span class='ocrx_word' id='word_1_291' title='bbox 367 2655 426 2689; x_wconf 90' lang='lat' dir='ltr'>An</span> <span class='ocrx_word' id='word_1_292' title='bbox 449 2656 595 2689; x_wconf 74' lang='lat' dir='ltr'>umeris?</span> <span class='ocrx_word' id='word_1_293' title='bbox 626 2652 675 2688; x_wconf 89' lang='lat' dir='ltr'>Et</span> <span class='ocrx_word' id='word_1_294' title='bbox 697 2652 752 2688; x_wconf 83' lang='lat' dir='ltr'>ita</span> <span class='ocrx_word' id='word_1_295' title='bbox 766 2652 1001 2689; x_wconf 87' lang='lat' dir='ltr'>Niebuhrius.</span> <span class='ocrx_word' id='word_1_296' title='bbox 1047 2651 1279 2688; x_wconf 86' lang='lat' dir='ltr'>Ecksteinius</span> <span class='ocrx_word' id='word_1_297' title='bbox 1304 2652 1448 2690; x_wconf 81' lang='lat' dir='ltr'>confert</span> <span class='ocrx_word' id='word_1_298' title='bbox 1470 2651 1650 2688; x_wconf 83' lang='lat' dir='ltr'>Lucilium</span> <span class='ocrx_word' id='word_1_299' title='bbox 1673 2664 1733 2700; x_wconf 89' lang='lat' dir='ltr'>ap.</span> 
     </span>
     <span class='ocr_line' id='line_1_41' title="bbox 210 2710 960 2755; baseline -0.005 -6"><span class='ocrx_word' id='word_1_300' title='bbox 210 2711 304 2748; x_wconf 91' lang='lat' dir='ltr'>Non.</span> <span class='ocrx_word' id='word_1_301' title='bbox 329 2715 364 2747; x_wconf 84' lang='lat'>4.</span> <span class='ocrx_word' id='word_1_302' title='bbox 389 2716 410 2746; x_wconf 88' lang='grc'>3</span> <span class='ocrx_word' id='word_1_303' title='bbox 435 2710 473 2745; x_wconf 87' lang='lat' dir='ltr'>et</span> <span class='ocrx_word' id='word_1_304' title='bbox 495 2710 639 2746; x_wconf 86' lang='lat' dir='ltr'>mavult</span> <span class='ocrx_word' id='word_1_305' title='bbox 661 2722 774 2746; x_wconf 81' lang='lat' dir='ltr'>umero</span> <span class='ocrx_word' id='word_1_306' title='bbox 799 2717 960 2755; x_wconf 73' lang='lat' dir='ltr'>exaplos.</span> 
     </span>
    </p>

    <p class='ocr_par' dir='ltr' id='par_1_21' title="bbox 302 2766 846 2811">
     <span class='ocr_line' id='line_1_42' title="bbox 302 2766 846 2811; baseline -0.004 -8"><span class='ocrx_word' id='word_1_307' title='bbox 302 2772 344 2804; x_wconf 92' lang='lat'>10</span> <span class='ocrx_word' id='word_1_308' title='bbox 368 2766 494 2803; x_wconf 87' lang='lat' dir='ltr'>Potius</span> <span class='ocrx_word' id='word_1_309' title='bbox 519 2774 562 2802; x_wconf 82' lang='lat' dir='ltr'>et.</span> <span class='ocrx_word' id='word_1_310' title='bbox 611 2769 846 2811; x_wconf 74' lang='lat' dir='ltr'>Heindorfius.</span> 
     </span>
    </p>

    <p class='ocr_par' dir='ltr' id='par_1_22' title="bbox 304 2823 858 2868">
     <span class='ocr_line' id='line_1_43' title="bbox 304 2823 858 2868; baseline -0.004 -9"><span class='ocrx_word' id='word_1_311' title='bbox 304 2828 343 2859; x_wconf 89' lang='lat'>11</span> <span class='ocrx_word' id='word_1_312' title='bbox 370 2823 458 2859; x_wconf 87' lang='lat' dir='ltr'>Cod.</span> <span class='ocrx_word' id='word_1_313' title='bbox 484 2835 539 2868; x_wconf 88' lang='lat' dir='ltr'>pr.</span> <span class='ocrx_word' id='word_1_314' title='bbox 566 2834 615 2858; x_wconf 88' lang='lat' dir='ltr'>m.</span> <span class='ocrx_word' id='word_1_315' title='bbox 641 2825 858 2867; x_wconf 72' lang='lat' dir='ltr'>palepebras.</span> 
     </span>
    </p>

    <p class='ocr_par' dir='ltr' id='par_1_23' title="bbox 303 2878 1086 2926">
     <span class='ocr_line' id='line_1_44' title="bbox 303 2878 1086 2926; baseline -0.004 -10"><span class='ocrx_word' id='word_1_316' title='bbox 303 2885 345 2916; x_wconf 84' lang='lat'>12</span> <span class='ocrx_word' id='word_1_317' title='bbox 368 2878 556 2926; x_wconf 83' lang='lat' dir='ltr'>Legerim:</span> <span class='ocrx_word' id='word_1_318' title='bbox 581 2880 647 2915; x_wconf 88' lang='lat' dir='ltr'>aut</span> <span class='ocrx_word' id='word_1_319' title='bbox 669 2882 807 2916; x_wconf 76' lang='lat' dir='ltr'>carr-uli.</span> <span class='ocrx_word' id='word_1_320' title='bbox 854 2881 1086 2923; x_wconf 65' lang='lat' dir='ltr'>Heindorfius.</span> 
     </span>
    </p>
   </div>
  </div>
 </body>
</html>
