1968 3158
254 147 309 189 80
534 146 582 181 M.
603 145 828 181 CORNELII
852 143 1128 181 FRONTONIS
1153 143 1493 183 EPISTULARUM

252 261 363 302 deis¹
397 261 558 315 gratias
590 273 685 314 ago.
745 258 805 300 Te
847 260 1011 300 certum
1039 258 1188 314 habeo,
1230 274 1327 302 cum
1363 262 1439 302 tua
1474 261 1675 303 instituta
1713 277 1775 304 re-

252 330 368 382 puto,
414 327 527 368 haud
572 326 888 381 perturbatum:
928 341 1022 382 ego,
1060 327 1295 382 quamlibet
1331 342 1404 370 vos
1455 330 1669 383 sapientes
1708 344 1775 372 me

251 395 492 447 inrideatis,
537 395 835 435 consternatus
873 395 1067 449 equidem
1105 410 1212 437 sum.
1273 395 1380 437 Vale
1411 395 1592 438 Domine
1623 397 1776 439 dulcis-

251 464 354 503 sime
385 464 427 503 et
458 462 545 503 deis
577 476 702 503 curae
733 464 835 504 esto.
895 462 1124 504 Dominam
1155 462 1307 504 saluta.

730 597 792 640 X.
825 597 900 641 25.
944 598 1146 641 Domino
1178 599 1293 641 Meo.

362 688 488 730 Modo
533 688 638 729 mihi
676 688 923 731 Victorinus
966 689 1131 730 indicat
1166 688 1396 730 Dominam
1440 691 1560 731 tuam
1583 690 1617 746 {2
1637 690 1777 746 magis

251 757 456 798 caluisse3
499 771 626 811 quam
670 756 775 798 heri.
829 756 979 798 Gratia
1022 756 1181 798 leviora
1219 757 1362 798 onmia
1392 757 1635 798 nuntiabat.
1681 757 1776 813 Ego

249 826 291 865 te
322 824 478 866 idcirco
507 839 596 866 non
626 825 724 879 vidi,
757 824 868 879 quod
899 839 950 865 ex
984 824 1234 879 gravidine4
1265 839 1358 865 sum
1387 825 1625 866 inbecillus.
1672 824 1776 868 Cras

247 894 393 934 tamen
422 890 548 934 mane
579 893 748 934 domum
788 892 840 934 ad
870 894 912 933 te
943 892 1125 934 veniam.
1187 891 1363 946 Eadem,
1403 892 1438 933 si
1476 893 1776 948 tempestivom

249 960 343 1014 erit,
377 960 507 1001 etiam
536 959 766 1002 Dominam
795 960 991 1002 visitabo.

701 1095 792 1141 xl.
825 1095 899 1138 26.
947 1095 1175 1149 Magistro
1205 1095 1322 1138 Meo.
1362 1073 1365 1075 ’

363 1186 504 1229 Caluit
534 1188 577 1228 et
605 1185 730 1227 hodie
761 1186 989 1227 Faustina:
1026 1188 1070 1228 et
1099 1186 1269 1241 quidem
1297 1186 1340 1227 id
1373 1200 1453 1241 ego
1483 1186 1621 1242 magis
1651 1186 1775 1228 hodie

247 1256 391 1297 videor
427 1254 532 1295 mihi
571 1253 939 1308 depraehendisse.
1002 1253 1084 1295 Sed
1129 1253 1217 1294 deis
1255 1254 1501 1295 iuvantibus
1535 1254 1776 1309 aequiorem

249 1323 438 1364 animum
468 1321 573 1363 mihi
603 1322 710 1363 facit
745 1322 852 1376 ipsa,
900 1322 1011 1377 quod
1056 1336 1100 1362 se
1137 1323 1227 1362 tam
1265 1322 1612 1375 obtemperanter
1650 1322 1774 1363 nobis

249 1390 551 1432 accommodat.
613 1389 691 1443 Tu,
731 1390 766 1431 si
804 1389 1014 1444 potuisses
1045 1389 1229 1442 scilicet,
1270 1389 1469 1430 venisses,
1530 1388 1649 1438 Quod
1688 1390 1775 1430 iam

247 1460 366 1513 potes
398 1460 440 1498 et
470 1457 580 1512 quod
610 1459 836 1498 venturum
865 1457 1094 1512 promittis,
1128 1456 1315 1497 delector
1344 1457 1403 1497 mi
1432 1457 1652 1511 magister.
1690 1456 1774 1499 Va-

247 1526 286 1567 le
319 1526 378 1566 mi
407 1524 710 1566 iucundissime
740 1524 958 1579 magister.

703 1659 821 1702 xn.
853 1660 927 1702 27.
971 1634 1174 1702 nomino
1204 1659 1320 1702 Meo.

360 1750 576 1800 Quomodo
607 1751 828 1804 manseris,
861 1750 1057 1804 Domine,
1093 1750 1226 1792 scire⁵
1265 1750 1401 1805 cupio.
1435 1749 1530 1805 Ego
1562 1750 1774 1792 cervicum

248 1819 390 1861 dolore
424 1821 618 1873 arreptus
650 1834 756 1860 sum.
789 1817 897 1860 Vale
927 1818 1123 1859 Domine.
1184 1818 1413 1859 Dominam
1444 1817 1594 1859 saluta.

520 1966 665 2009 XIII.
698 1966 773 2009 28.
822 1967 854 2022 ,ὃ
878 1966 1107 2019 Magistro
1138 1965 1238 2008 Meo
1271 1963 1503 2008 Salutem.

360 2057 542 2099 Noctem
579 2058 671 2098 sine
709 2057 819 2098 febri
858 2057 1001 2098 videor
1038 2056 1345 2098 transmisisse:
1378 2056 1520 2098 cibum
1547 2070 1635 2097 non
1665 2056 1772 2097 invi-

247 2129 317 2167 tus
349 2127 461 2180 cepi:
499 2140 615 2166 nunc
651 2139 732 2180 ago
762 2124 991 2166 levissime:
1031 2138 1117 2165 nox
1153 2124 1254 2178 quid
1281 2125 1406 2178 ferat,
1454 2138 1770 2179 cognoscemus.

250 2194 331 2235 Sed
368 2195 425 2235 mi
462 2194 689 2248 magister,
739 2193 949 2234 cervicum
987 2191 1128 2233 dolore
1172 2194 1216 2232 te
1254 2193 1472 2246 arreptum
1509 2206 1590 2246 quo
1629 2191 1772 2232 animo

249 2261 488 2315 didicerim,
547 2261 738 2316 profecto
799 2274 849 2301 ex
904 2263 976 2315 tua
1027 2259 1220 2314 proxima
1264 2258 1548 2300 sollicitudine
1593 2258 1768 2300 metiris.

248 2328 355 2371 Vale
385 2329 443 2370 mi
473 2328 775 2370 iucundissime
806 2328 1024 2383 magister.
1086 2326 1226 2368 Mater
1255 2341 1349 2367 mea
1379 2326 1538 2367 salutat
1567 2328 1624 2367 te.

365 2515 380 2544 1
408 2509 637 2555 Schopenus:
664 2508 769 2551 Quod
795 2517 825 2544 te
850 2513 973 2544 salvom
999 2528 1039 2533 -—
1065 2512 1229 2543 maa-imas
1254 2506 1305 2542 eis
1329 2511 1470 2552 matius.

362 2571 381 2601 2
406 2566 539 2611 Incipit
564 2565 651 2600 Cod.
677 2565 761 2601 Vat.
788 2578 824 2610 p.
843 2569 897 2601 88.

362 2628 382 2658 3
408 2623 547 2657 Codex:
573 2626 738 2657 maluisse.
786 2622 906 2656 Maius
931 2625 1084 2656 va‘uisse.
1134 2620 1303 2656 Correxit
1327 2619 1549 2665 Schopcnus.

361 2683 383 2713 4
407 2680 464 2713 Ita
489 2679 622 2714 Codex.

362 2740 382 2770 5
406 2735 523 2770 Maius
546 2736 707 2780 legerat:
733 2739 831 2779 (lomi,
858 2739 1008 2770 nescire:
1033 2734 1129 2769 unde
1155 2733 1367 2778 Schopenus
1391 2736 1531 2770 rescire.
1586 2730 1770 2777 Hauptius

250 2791 418 2827 correxit.

363 2851 383 2882 6
408 2847 540 2893 Incipit
566 2846 652 2882 Cod.
679 2846 762 2882 Vat.
790 2860 824 2893 p.
845 2852 897 2883 87.
