<?xml version="1.0" encoding="UTF-8"?>
<!DOCTYPE html PUBLIC "-//W3C//DTD XHTML 1.0 Transitional//EN"
    "http://www.w3.org/TR/xhtml1/DTD/xhtml1-transitional.dtd">
<html xmlns="http://www.w3.org/1999/xhtml" xml:lang="en" lang="en">
 <head>
  <title>
</title>
<meta http-equiv="Content-Type" content="text/html;charset=utf-8" />
  <meta name='ocr-system' content='tesseract 3.04.00' />
  <meta name='ocr-capabilities' content='ocr_page ocr_carea ocr_par ocr_line ocrx_word'/>
</head>
<body>
  <div class='ocr_page' id='page_1' title='image "./mcorneliifronton00fronuoft_0243.png"; bbox 0 0 1968 3158; ppageno 0'>
   <div class='ocr_carea' id='block_1_1' title="bbox 825 115 859 131">
    <p class='ocr_par' dir='ltr' id='par_1_1' title="bbox 825 115 859 131">
     <span class='ocr_line' id='line_1_1' title="bbox 825 115 859 131; baseline 0 0"><span class='ocrx_word' id='word_1_1' title='bbox 825 115 859 131; x_wconf 60' lang='grc' dir='ltr'><em>Ι</em></span> 
     </span>
    </p>
   </div>
   <div class='ocr_carea' id='block_1_2' title="bbox 707 167 1749 209">
    <p class='ocr_par' dir='ltr' id='par_1_2' title="bbox 707 167 1749 209">
     <span class='ocr_line' id='line_1_2' title="bbox 707 167 1749 209; baseline 0.002 -2"><span class='ocrx_word' id='word_1_2' title='bbox 707 170 953 207; x_wconf 76' lang='lat' dir='ltr'><strong>PltINCIPIA</strong></span> <span class='ocrx_word' id='word_1_3' title='bbox 977 168 1249 206; x_wconf 79' lang='lat' dir='ltr'><strong>HISTORIAE.</strong></span> <span class='ocrx_word' id='word_1_4' title='bbox 1665 167 1749 209; x_wconf 84' lang='grc'><strong>203</strong></span> 
     </span>
    </p>
   </div>
   <div class='ocr_carea' id='block_1_3' title="bbox 194 281 1756 1361">
    <p class='ocr_par' dir='ltr' id='par_1_3' title="bbox 194 281 1756 1361">
     <span class='ocr_line' id='line_1_3' title="bbox 209 281 1748 344; baseline -0.005 -13"><span class='ocrx_word' id='word_1_5' title='bbox 209 301 304 331; x_wconf 84' lang='lat' dir='ltr'><strong>rum</strong></span> <span class='ocrx_word' id='word_1_6' title='bbox 334 288 529 344; x_wconf 88' lang='lat' dir='ltr'><strong>profecto</strong></span> <span class='ocrx_word' id='word_1_7' title='bbox 559 285 776 329; x_wconf 84' lang='lat' dir='ltr'><strong>uberrima</strong></span> <span class='ocrx_word' id='word_1_8' title='bbox 815 284 994 341; x_wconf 79' lang='lat' dir='ltr'><strong>ingenia</strong></span> <span class='ocrx_word' id='word_1_9' title='bbox 1028 284 1188 327; x_wconf 80' lang='lat' dir='ltr'><strong>frustra</strong></span> <span class='ocrx_word' id='word_1_10' title='bbox 1228 283 1426 338; x_wconf 82' lang='lat' dir='ltr'><strong>fuissent,</strong></span> <span class='ocrx_word' id='word_1_11' title='bbox 1466 282 1551 325; x_wconf 86' lang='lat' dir='ltr'><strong>nisi</strong></span> <span class='ocrx_word' id='word_1_12' title='bbox 1581 281 1748 338; x_wconf 84' lang='lat' dir='ltr'><strong>magni-</strong></span> 
     </span>
     <span class='ocr_line' id='line_1_4' title="bbox 211 349 1749 409; baseline -0.005 -10"><span class='ocrx_word' id='word_1_13' title='bbox 211 354 303 399; x_wconf 83' lang='lat' dir='ltr'><strong>ficis</strong></span> <span class='ocrx_word' id='word_1_14' title='bbox 333 370 378 398; x_wconf 88' lang='lat' dir='ltr'><strong>se</strong></span> <span class='ocrx_word' id='word_1_15' title='bbox 410 355 535 398; x_wconf 90' lang='lat' dir='ltr'><strong>rebus</strong></span> <span class='ocrx_word' id='word_1_16' title='bbox 566 353 803 397; x_wconf 86' lang='lat' dir='ltr'>scribendis</span> <span class='ocrx_word' id='word_1_17' title='bbox 833 354 1140 409; x_wconf 78' lang='lat' dir='ltr'><strong>occupassent:</strong></span> <span class='ocrx_word' id='word_1_18' title='bbox 1170 351 1357 408; x_wconf 89' lang='lat' dir='ltr'><strong>itemque</strong></span> <span class='ocrx_word' id='word_1_19' title='bbox 1378 350 1463 394; x_wconf 84' lang='lat' dir='ltr'><strong>m’si</strong></span> <span class='ocrx_word' id='word_1_20' title='bbox 1483 365 1561 407; x_wconf 89' lang='lat' dir='ltr'><strong>pro</strong></span> <span class='ocrx_word' id='word_1_21' title='bbox 1582 349 1749 407; x_wconf 84' lang='lat' dir='ltr'><strong>magni-</strong></span> 
     </span>
     <span class='ocr_line' id='line_1_5' title="bbox 208 418 1750 479; baseline -0.005 -12"><span class='ocrx_word' id='word_1_22' title='bbox 208 423 360 467; x_wconf 87' lang='lat' dir='ltr'><strong>tudine</strong></span> <span class='ocrx_word' id='word_1_23' title='bbox 400 437 542 466; x_wconf 89' lang='lat' dir='ltr'><strong>rerum</strong></span> <span class='ocrx_word' id='word_1_24' title='bbox 581 425 800 479; x_wconf 84' lang='lat' dir='ltr'><strong>gestarum</strong></span> <span class='ocrx_word' id='word_1_25' title='bbox 838 420 1095 464; x_wconf 85' lang='lat' dir='ltr'><strong>scribtorum</strong></span> <span class='ocrx_word' id='word_1_26' title='bbox 1134 434 1302 476; x_wconf 91' lang='lat' dir='ltr'><strong>quoque</strong></span> <span class='ocrx_word' id='word_1_27' title='bbox 1332 418 1511 477; x_wconf 85' lang='lat' dir='ltr'><strong>ingenia</strong></span> <span class='ocrx_word' id='word_1_28' title='bbox 1543 432 1750 475; x_wconf 83' lang='lat' dir='ltr'><strong>congrue-</strong></span> 
     </span>
     <span class='ocr_line' id='line_1_6' title="bbox 211 485 1750 543; baseline -0.004 -8"><span class='ocrx_word' id='word_1_29' title='bbox 211 494 309 535; x_wconf 86' lang='lat' dir='ltr'><strong>rent</strong></span> <span class='ocrx_word' id='word_1_30' title='bbox 326 500 342 519; x_wconf 78' lang='lat'>⁸</span> <span class='ocrx_word' id='word_1_31' title='bbox 380 520 1347 535; x_wconf 88' lang='grc'><strong>......................</strong></span> <span class='ocrx_word' id='word_1_32' title='bbox 1362 488 1393 543; x_wconf 77' lang='lat'><strong>1¹</strong></span> <span class='ocrx_word' id='word_1_33' title='bbox 1441 485 1620 530; x_wconf 85' lang='lat' dir='ltr'><strong>Herculi</strong></span> <span class='ocrx_word' id='word_1_34' title='bbox 1658 500 1750 529; x_wconf 87' lang='lat' dir='ltr'><strong>eru-</strong></span> 
     </span>
     <span class='ocr_line' id='line_1_7' title="bbox 211 553 1750 616; baseline -0.005 -12"><span class='ocrx_word' id='word_1_35' title='bbox 211 574 339 603; x_wconf 85' lang='lat' dir='ltr'><strong>mnae</strong></span> <span class='ocrx_word' id='word_1_36' title='bbox 371 559 558 603; x_wconf 78' lang='lat' dir='ltr'><strong>celebres</strong></span> <span class='ocrx_word' id='word_1_37' title='bbox 597 559 633 601; x_wconf 89' lang='lat' dir='ltr'><strong>si</strong></span> <span class='ocrx_word' id='word_1_38' title='bbox 672 556 776 616; x_wconf 89' lang='lat' dir='ltr'><strong>[non</strong></span> <span class='ocrx_word' id='word_1_39' title='bbox 815 557 878 613; x_wconf 90' lang='lat' dir='ltr'><strong>re]</strong></span> <span class='ocrx_word' id='word_1_40' title='bbox 910 556 1054 611; x_wconf 84' lang='lat' dir='ltr'><strong>etiam,</strong></span> <span class='ocrx_word' id='word_1_41' title='bbox 1095 555 1348 611; x_wconf 84' lang='lat' dir='ltr'><strong>disciplinae</strong></span> <span class='ocrx_word' id='word_1_42' title='bbox 1381 587 1570 598; x_wconf 90' lang='grc'><strong>.....</strong></span> <span class='ocrx_word' id='word_1_43' title='bbox 1603 553 1750 597; x_wconf 88' lang='lat' dir='ltr'><strong>Enim-</strong></span> 
     </span>
     <span class='ocr_line' id='line_1_8' title="bbox 212 622 1751 683; baseline -0.004 -12"><span class='ocrx_word' id='word_1_44' title='bbox 212 642 312 671; x_wconf 92' lang='lat' dir='ltr'><strong>vero</strong></span> <span class='ocrx_word' id='word_1_45' title='bbox 341 627 464 670; x_wconf 82' lang='lat' dir='ltr'><strong>fandi</strong></span> <span class='ocrx_word' id='word_1_46' title='bbox 494 626 736 683; x_wconf 79' lang='lat' dir='ltr'><strong>agendique</strong></span> <span class='ocrx_word' id='word_1_47' title='bbox 756 624 953 667; x_wconf 84' lang='lat' dir='ltr'><strong>laudibus</strong></span> <span class='ocrx_word' id='word_1_48' title='bbox 983 625 1112 681; x_wconf 87' lang='lat' dir='ltr'><strong>longe</strong></span> <span class='ocrx_word' id='word_1_49' title='bbox 1133 624 1529 680; x_wconf 85' lang='lat' dir='ltr'><strong>praestantissimus</strong></span> <span class='ocrx_word' id='word_1_50' title='bbox 1559 622 1751 666; x_wconf 90' lang='lat' dir='ltr'><strong>omnium</strong></span> 
     </span>
     <span class='ocr_line' id='line_1_9' title="bbox 215 690 1751 739; baseline -0.004 0"><span class='ocrx_word' id='word_1_51' title='bbox 215 695 321 739; x_wconf 85' lang='lat' dir='ltr'><strong>Cato</strong></span> <span class='ocrx_word' id='word_1_52' title='bbox 359 694 536 738; x_wconf 88' lang='lat' dir='ltr'><strong>Porcius</strong></span> <span class='ocrx_word' id='word_1_53' title='bbox 570 726 848 736; x_wconf 92' lang='grc'><strong>.......</strong></span> <span class='ocrx_word' id='word_1_54' title='bbox 888 693 934 735; x_wconf 88' lang='lat' dir='ltr'><strong>in</strong></span> <span class='ocrx_word' id='word_1_55' title='bbox 972 693 1149 735; x_wconf 89' lang='lat' dir='ltr'><strong>navium</strong></span> <span class='ocrx_word' id='word_1_56' title='bbox 1181 726 1190 735; x_wconf 90' lang='grc'><strong>.</strong></span> <span class='ocrx_word' id='word_1_57' title='bbox 1226 692 1262 733; x_wconf 85' lang='lat'><strong>.²</strong></span> <span class='ocrx_word' id='word_1_58' title='bbox 1292 691 1396 734; x_wconf 87' lang='lat' dir='ltr'><strong>deus</strong></span> <span class='ocrx_word' id='word_1_59' title='bbox 1427 691 1469 734; x_wconf 87' lang='lat' dir='ltr'><strong>al</strong></span> <span class='ocrx_word' id='word_1_60' title='bbox 1503 725 1511 733; x_wconf 92' lang='lat'><strong>.</strong></span> <span class='ocrx_word' id='word_1_61' title='bbox 1549 725 1556 733; x_wconf 93' lang='lat'><strong>.</strong></span> <span class='ocrx_word' id='word_1_62' title='bbox 1593 725 1600 733; x_wconf 92' lang='lat'><strong>.</strong></span> <span class='ocrx_word' id='word_1_63' title='bbox 1636 691 1676 733; x_wconf 74' lang='lat'><strong>‚³</strong></span> <span class='ocrx_word' id='word_1_64' title='bbox 1705 690 1751 733; x_wconf 88' lang='lat' dir='ltr'><strong>in</strong></span> 
     </span>
     <span class='ocr_line' id='line_1_10' title="bbox 216 758 1752 817; baseline -0.003 -11"><span class='ocrx_word' id='word_1_65' title='bbox 216 797 224 806; x_wconf 92' lang='lat'><strong>.</strong></span> <span class='ocrx_word' id='word_1_66' title='bbox 260 763 297 806; x_wconf 79' lang='lat'><strong>,⁴</strong></span> <span class='ocrx_word' id='word_1_67' title='bbox 334 764 406 806; x_wconf 92' lang='lat' dir='ltr'><strong>tur</strong></span> <span class='ocrx_word' id='word_1_68' title='bbox 442 761 592 805; x_wconf 89' lang='lat' dir='ltr'><strong>tuendi</strong></span> <span class='ocrx_word' id='word_1_69' title='bbox 631 762 721 804; x_wconf 86' lang='lat' dir='ltr'><strong>eius</strong></span> <span class='ocrx_word' id='word_1_70' title='bbox 761 774 863 817; x_wconf 84' lang='lat' dir='ltr'><strong>ergo</strong></span> <span class='ocrx_word' id='word_1_71' title='bbox 901 760 1221 802; x_wconf 85' lang='lat' dir='ltr'><strong>denominatus:</strong></span> <span class='ocrx_word' id='word_1_72' title='bbox 1262 759 1323 802; x_wconf 86' lang='lat' dir='ltr'><strong>ita</strong></span> <span class='ocrx_word' id='word_1_73' title='bbox 1360 759 1466 802; x_wconf 80' lang='lat' dir='ltr'><strong>Cato</strong></span> <span class='ocrx_word' id='word_1_74' title='bbox 1514 758 1752 815; x_wconf 79' lang='lat' dir='ltr'><strong>oppidatim</strong></span> 
     </span>
     <span class='ocr_line' id='line_1_11' title="bbox 213 826 1752 885; baseline -0.003 -12"><span class='ocrx_word' id='word_1_75' title='bbox 213 830 368 874; x_wconf 75' lang='lat' dir='ltr'><strong>statuis</strong></span> <span class='ocrx_word' id='word_1_76' title='bbox 398 829 629 885; x_wconf 89' lang='lat' dir='ltr'><strong>ornandus,</strong></span> <span class='ocrx_word' id='word_1_77' title='bbox 662 829 734 885; x_wconf 92' lang='lat' dir='ltr'><strong>qui</strong></span> <span class='ocrx_word' id='word_1_78' title='bbox 765 828 949 884; x_wconf 85' lang='lat' dir='ltr'><strong>primam</strong></span> <span class='ocrx_word' id='word_1_79' title='bbox 975 828 1099 870; x_wconf 89' lang='lat' dir='ltr'><strong>latini</strong></span> <span class='ocrx_word' id='word_1_80' title='bbox 1131 828 1318 870; x_wconf 88' lang='lat' dir='ltr'><strong>nominis</strong></span> <span class='ocrx_word' id='word_1_81' title='bbox 1349 827 1540 871; x_wconf 88' lang='lat' dir='ltr'><strong>subolem</strong></span> <span class='ocrx_word' id='word_1_82' title='bbox 1571 829 1614 869; x_wconf 91' lang='lat' dir='ltr'><strong>et</strong></span> <span class='ocrx_word' id='word_1_83' title='bbox 1634 826 1752 870; x_wconf 87' lang='lat' dir='ltr'><strong>Itali·</strong></span> 
     </span>
     <span class='ocr_line' id='line_1_12' title="bbox 214 895 1750 955; baseline -0.004 -13"><span class='ocrx_word' id='word_1_84' title='bbox 214 913 362 942; x_wconf 89' lang='lat' dir='ltr'><strong>carum</strong></span> <span class='ocrx_word' id='word_1_85' title='bbox 391 898 609 955; x_wconf 86' lang='lat' dir='ltr'><strong>originum</strong></span> <span class='ocrx_word' id='word_1_86' title='bbox 638 897 845 954; x_wconf 89' lang='lat' dir='ltr'><strong>pueritias</strong></span> <span class='ocrx_word' id='word_1_87' title='bbox 874 895 1125 938; x_wconf 80' lang='lat' dir='ltr'><strong>inlustravit</strong></span> <span class='ocrx_word' id='word_1_88' title='bbox 1158 928 1750 938; x_wconf 87' lang='lat'><strong>..............</strong></span> 
     </span>
     <span class='ocr_line' id='line_1_13' title="bbox 215 962 1753 1019; baseline -0.005 -8"><span class='ocrx_word' id='word_1_89' title='bbox 215 1000 540 1011; x_wconf 87' lang='grc'><strong>........</strong></span> <span class='ocrx_word' id='word_1_90' title='bbox 557 968 589 992; x_wconf 75' lang='grc'><strong>’5</strong></span> <span class='ocrx_word' id='word_1_91' title='bbox 623 1000 631 1008; x_wconf 93' lang='grc'><strong>.</strong></span> <span class='ocrx_word' id='word_1_92' title='bbox 667 1001 675 1009; x_wconf 90' lang='grc'><strong>.</strong></span> <span class='ocrx_word' id='word_1_93' title='bbox 711 999 720 1008; x_wconf 94' lang='grc'><strong>.</strong></span> <span class='ocrx_word' id='word_1_94' title='bbox 753 964 974 1015; x_wconf 79' lang='lat' dir='ltr'><strong>Quantum</strong></span> <span class='ocrx_word' id='word_1_95' title='bbox 1005 979 1030 1006; x_wconf 93' lang='lat' dir='ltr'><strong>a</strong></span> <span class='ocrx_word' id='word_1_96' title='bbox 1060 963 1286 1019; x_wconf 88' lang='lat' dir='ltr'><strong>stipendiis</strong></span> <span class='ocrx_word' id='word_1_97' title='bbox 1307 964 1390 1006; x_wconf 93' lang='lat' dir='ltr'><strong>ocii</strong></span> <span class='ocrx_word' id='word_1_98' title='bbox 1411 963 1574 1019; x_wconf 87' lang='lat' dir='ltr'><strong>datum,</strong></span> <span class='ocrx_word' id='word_1_99' title='bbox 1606 962 1654 1004; x_wconf 93' lang='lat' dir='ltr'><strong>in</strong></span> <span class='ocrx_word' id='word_1_100' title='bbox 1685 977 1753 1005; x_wconf 93' lang='lat' dir='ltr'><strong>ve-</strong></span> 
     </span>
     <span class='ocr_line' id='line_1_14' title="bbox 214 1030 1753 1091; baseline -0.004 -13"><span class='ocrx_word' id='word_1_101' title='bbox 214 1035 360 1078; x_wconf 87' lang='lat' dir='ltr'><strong>nando</strong></span> <span class='ocrx_word' id='word_1_102' title='bbox 389 1034 652 1091; x_wconf 83' lang='lat' dir='ltr'><strong>occupatur⁶</strong></span> <span class='ocrx_word' id='word_1_103' title='bbox 685 1065 1139 1076; x_wconf 89' lang='grc'><strong>...........</strong></span> <span class='ocrx_word' id='word_1_104' title='bbox 1154 1031 1186 1088; x_wconf 77' lang='grc'><strong>17</strong></span> <span class='ocrx_word' id='word_1_105' title='bbox 1220 1066 1227 1074; x_wconf 95' lang='grc'><strong>.</strong></span> <span class='ocrx_word' id='word_1_106' title='bbox 1266 1065 1274 1074; x_wconf 96' lang='grc'><strong><em>.</em></strong></span> <span class='ocrx_word' id='word_1_107' title='bbox 1310 1066 1319 1074; x_wconf 90' lang='grc'><strong>.</strong></span> <span class='ocrx_word' id='word_1_108' title='bbox 1350 1031 1585 1087; x_wconf 88' lang='lat' dir='ltr'><strong>Imperium</strong></span> <span class='ocrx_word' id='word_1_109' title='bbox 1606 1030 1753 1086; x_wconf 85' lang='lat' dir='ltr'><strong>populi</strong></span> 
     </span>
     <span class='ocr_line' id='line_1_15' title="bbox 194 1099 1755 1156; baseline -0.004 -10"><span class='ocrx_word' id='word_1_110' title='bbox 194 1102 399 1146; x_wconf 57' lang='lat' dir='ltr'><strong>&lt;Romani</strong></span> <span class='ocrx_word' id='word_1_111' title='bbox 431 1103 484 1145; x_wconf 87' lang='lat' dir='ltr'><strong>ad</strong></span> <span class='ocrx_word' id='word_1_112' title='bbox 514 1102 692 1144; x_wconf 90' lang='lat' dir='ltr'><strong>flumina</strong></span> <span class='ocrx_word' id='word_1_113' title='bbox 722 1100 898 1144; x_wconf 83' lang='lat' dir='ltr'><strong>hostilia</strong></span> <span class='ocrx_word' id='word_1_114' title='bbox 927 1100 1199 1156; x_wconf 72' lang='lat' dir='ltr'><strong>porrectum⁸</strong></span> <span class='ocrx_word' id='word_1_115' title='bbox 1232 1134 1240 1141; x_wconf 90' lang='lat'><strong>.</strong></span> <span class='ocrx_word' id='word_1_116' title='bbox 1266 1134 1273 1141; x_wconf 94' lang='lat'><strong>.</strong></span> <span class='ocrx_word' id='word_1_117' title='bbox 1301 1134 1309 1141; x_wconf 91' lang='lat'><strong>.</strong></span> <span class='ocrx_word' id='word_1_118' title='bbox 1342 1099 1542 1156; x_wconf 84' lang='lat' dir='ltr'><strong>principa</strong></span> <span class='ocrx_word' id='word_1_119' title='bbox 1575 1133 1582 1140; x_wconf 99' lang='lat'><strong>.</strong></span> <span class='ocrx_word' id='word_1_120' title='bbox 1617 1133 1625 1141; x_wconf 88' lang='lat'><strong>.</strong></span> <span class='ocrx_word' id='word_1_121' title='bbox 1659 1113 1755 1141; x_wconf 88' lang='lat' dir='ltr'><strong>cum</strong></span> 
     </span>
     <span class='ocr_line' id='line_1_16' title="bbox 211 1166 1756 1227; baseline -0.004 -13"><span class='ocrx_word' id='word_1_122' title='bbox 211 1171 335 1227; x_wconf 74' lang='lat' dir='ltr'><strong>Pueri</strong></span> <span class='ocrx_word' id='word_1_123' title='bbox 377 1205 385 1214; x_wconf 95' lang='lat'><strong>.</strong></span> <span class='ocrx_word' id='word_1_124' title='bbox 420 1205 429 1213; x_wconf 90' lang='lat'><strong>.</strong></span> <span class='ocrx_word' id='word_1_125' title='bbox 469 1172 513 1213; x_wconf 91' lang='lat' dir='ltr'><strong>et</strong></span> <span class='ocrx_word' id='word_1_126' title='bbox 555 1169 690 1212; x_wconf 77' lang='lat' dir='ltr'><strong>mihi9</strong></span> <span class='ocrx_word' id='word_1_127' title='bbox 736 1203 744 1211; x_wconf 90' lang='lat'><strong>.</strong></span> <span class='ocrx_word' id='word_1_128' title='bbox 781 1203 789 1211; x_wconf 95' lang='lat'><strong>.</strong></span> <span class='ocrx_word' id='word_1_129' title='bbox 826 1203 833 1210; x_wconf 93' lang='lat'><strong>.</strong></span> <span class='ocrx_word' id='word_1_130' title='bbox 870 1202 878 1210; x_wconf 95' lang='lat'><strong>.</strong></span> <span class='ocrx_word' id='word_1_131' title='bbox 926 1167 1127 1211; x_wconf 87' lang='lat' dir='ltr'><strong>Liberum</strong></span> <span class='ocrx_word' id='word_1_132' title='bbox 1167 1168 1330 1210; x_wconf 90' lang='lat' dir='ltr'><strong>amanti</strong></span> <span class='ocrx_word' id='word_1_133' title='bbox 1378 1169 1444 1210; x_wconf 86' lang='lat' dir='ltr'><strong>est</strong></span> <span class='ocrx_word' id='word_1_134' title='bbox 1489 1166 1756 1222; x_wconf 88' lang='lat' dir='ltr'><strong>inculpatum</strong></span> 
     </span>
     <span class='ocr_line' id='line_1_17' title="bbox 214 1234 1755 1294; baseline -0.004 -12"><span class='ocrx_word' id='word_1_135' title='bbox 214 1239 447 1282; x_wconf 88' lang='lat' dir='ltr'><strong>silentium.</strong></span> <span class='ocrx_word' id='word_1_136' title='bbox 508 1236 704 1294; x_wconf 75' lang='lat' dir='ltr'><strong>Namque</strong></span> <span class='ocrx_word' id='word_1_137' title='bbox 737 1237 869 1280; x_wconf 90' lang='lat' dir='ltr'><strong>ceteri</strong></span> <span class='ocrx_word' id='word_1_138' title='bbox 898 1236 1100 1279; x_wconf 84' lang='lat' dir='ltr'><strong>mortales</strong></span> <span class='ocrx_word' id='word_1_139' title='bbox 1121 1235 1340 1292; x_wconf 84' lang='lat' dir='ltr'><strong>praesenti</strong></span> <span class='ocrx_word' id='word_1_140' title='bbox 1371 1235 1439 1278; x_wconf 90' lang='lat' dir='ltr'><strong>die</strong></span> <span class='ocrx_word' id='word_1_141' title='bbox 1464 1234 1755 1288; x_wconf 82' lang='lat' dir='ltr'><strong>mentiuntur3</strong></span> 
     </span>
     <span class='ocr_line' id='line_1_18' title="bbox 215 1304 1756 1361; baseline -0.003 -12"><span class='ocrx_word' id='word_1_142' title='bbox 215 1307 473 1351; x_wconf 87' lang='lat' dir='ltr'><strong>scribtorum</strong></span> <span class='ocrx_word' id='word_1_143' title='bbox 518 1306 745 1349; x_wconf 87' lang='lat' dir='ltr'><strong>mendacia</strong></span> <span class='ocrx_word' id='word_1_144' title='bbox 790 1307 882 1348; x_wconf 86' lang='lat' dir='ltr'><strong>tam</strong></span> <span class='ocrx_word' id='word_1_145' title='bbox 920 1304 1091 1361; x_wconf 89' lang='lat' dir='ltr'><strong>culpam</strong></span> <span class='ocrx_word' id='word_1_146' title='bbox 1127 1319 1255 1360; x_wconf 91' lang='lat' dir='ltr'><strong>quam</strong></span> <span class='ocrx_word' id='word_1_147' title='bbox 1299 1304 1551 1346; x_wconf 86' lang='lat' dir='ltr'><strong>memoriam</strong></span> <span class='ocrx_word' id='word_1_148' title='bbox 1588 1305 1756 1345; x_wconf 86' lang='lat' dir='ltr'><strong>merent</strong></span> 
     </span>
    </p>
   </div>
   <div class='ocr_carea' id='block_1_4' title="bbox 168 1370 1754 1576">
    <p class='ocr_par' dir='ltr' id='par_1_4' title="bbox 168 1370 1754 1576">
     <span class='ocr_line' id='line_1_19' title="bbox 215 1370 1754 1432; baseline -0.004 -14"><span class='ocrx_word' id='word_1_149' title='bbox 215 1375 524 1432; x_wconf 89' lang='lat' dir='ltr'><strong>sempiternam</strong></span> <span class='ocrx_word' id='word_1_150' title='bbox 557 1403 1583 1417; x_wconf 90' lang='grc'><strong>........................</strong></span> <span class='ocrx_word' id='word_1_151' title='bbox 1598 1370 1680 1427; x_wconf 62' lang='lat'>{¹⁰-</span> <span class='ocrx_word' id='word_1_152' title='bbox 1716 1370 1754 1412; x_wconf 83' lang='lat'><strong>.&#39;&#39;</strong></span> 
     </span>
     <span class='ocr_line' id='line_1_20' title="bbox 168 1439 1753 1500; baseline -0.004 -14"><span class='ocrx_word' id='word_1_153' title='bbox 168 1489 184 1500; x_wconf 44' lang='lat'>=</span> <span class='ocrx_word' id='word_1_154' title='bbox 217 1443 483 1486; x_wconf 83' lang='lat' dir='ltr'><strong>comminisci</strong></span> <span class='ocrx_word' id='word_1_155' title='bbox 525 1476 533 1485; x_wconf 92' lang='lat'><strong>.</strong></span> <span class='ocrx_word' id='word_1_156' title='bbox 569 1477 577 1485; x_wconf 91' lang='lat'><strong>.</strong></span> <span class='ocrx_word' id='word_1_157' title='bbox 617 1439 780 1498; x_wconf 79' lang='lat' dir='ltr'><strong>pai-em.</strong></span> <span class='ocrx_word' id='word_1_158' title='bbox 840 1441 956 1484; x_wconf 90' lang='lat' dir='ltr'><strong>Nam</strong></span> <span class='ocrx_word' id='word_1_159' title='bbox 997 1475 1004 1483; x_wconf 93' lang='lat'><strong>.</strong></span> <span class='ocrx_word' id='word_1_160' title='bbox 1041 1475 1049 1483; x_wconf 90' lang='lat'><strong>.</strong></span> <span class='ocrx_word' id='word_1_161' title='bbox 1090 1445 1307 1497; x_wconf 79' lang='lat' dir='ltr'><strong>praesenti</strong></span> <span class='ocrx_word' id='word_1_162' title='bbox 1349 1440 1418 1482; x_wconf 92' lang='lat' dir='ltr'><strong>die</strong></span> <span class='ocrx_word' id='word_1_163' title='bbox 1457 1439 1658 1481; x_wconf 89' lang='lat' dir='ltr'><strong>minuunt</strong></span> <span class='ocrx_word' id='word_1_164' title='bbox 1699 1469 1708 1480; x_wconf 94' lang='lat'><strong>.</strong></span> <span class='ocrx_word' id='word_1_165' title='bbox 1745 1471 1753 1479; x_wconf 90' lang='lat'><strong>.</strong></span> 
     </span>
     <span class='ocr_line' id='line_1_21' title="bbox 216 1508 1752 1576; baseline -0.005 -22"><span class='ocrx_word' id='word_1_166' title='bbox 216 1512 348 1576; x_wconf 83' lang='lat' dir='ltr'><strong>immo</strong></span> <span class='ocrx_word' id='word_1_167' title='bbox 384 1525 473 1553; x_wconf 90' lang='lat' dir='ltr'><strong>non</strong></span> <span class='ocrx_word' id='word_1_168' title='bbox 513 1513 578 1554; x_wconf 88' lang='lat' dir='ltr'><strong>est</strong></span> <span class='ocrx_word' id='word_1_169' title='bbox 611 1544 620 1553; x_wconf 90' lang='lat'><strong>.</strong></span> <span class='ocrx_word' id='word_1_170' title='bbox 656 1544 664 1553; x_wconf 92' lang='lat'><strong>.</strong></span> <span class='ocrx_word' id='word_1_171' title='bbox 697 1525 806 1567; x_wconf 89' lang='lat' dir='ltr'><strong>gens</strong></span> <span class='ocrx_word' id='word_1_172' title='bbox 839 1543 847 1552; x_wconf 94' lang='lat'><strong>.</strong></span> <span class='ocrx_word' id='word_1_173' title='bbox 882 1543 891 1552; x_wconf 86' lang='lat'><strong>.</strong></span> <span class='ocrx_word' id='word_1_174' title='bbox 925 1511 1089 1552; x_wconf 89' lang='lat' dir='ltr'><strong>certum</strong></span> <span class='ocrx_word' id='word_1_175' title='bbox 1119 1511 1184 1552; x_wconf 92' lang='lat' dir='ltr'><strong>est</strong></span> <span class='ocrx_word' id='word_1_176' title='bbox 1217 1542 1224 1550; x_wconf 92' lang='lat'><strong>.</strong></span> <span class='ocrx_word' id='word_1_177' title='bbox 1260 1542 1268 1550; x_wconf 96' lang='lat'><strong>.</strong></span> <span class='ocrx_word' id='word_1_178' title='bbox 1303 1542 1311 1550; x_wconf 95' lang='lat'><strong>.</strong></span> <span class='ocrx_word' id='word_1_179' title='bbox 1344 1508 1479 1550; x_wconf 87' lang='lat' dir='ltr'><strong>fratre</strong></span> <span class='ocrx_word' id='word_1_180' title='bbox 1522 1539 1752 1549; x_wconf 88' lang='grc'><strong>......</strong></span> 
     </span>
    </p>
   </div>
   <div class='ocr_carea' id='block_1_5' title="bbox 220 1574 1757 1634">
    <p class='ocr_par' dir='ltr' id='par_1_5' title="bbox 220 1574 1757 1634">
     <span class='ocr_line' id='line_1_22' title="bbox 220 1574 1757 1634; baseline -0.005 -11"><span class='ocrx_word' id='word_1_181' title='bbox 220 1613 229 1623; x_wconf 90' lang='grc'><em>.</em></span> <span class='ocrx_word' id='word_1_182' title='bbox 265 1613 274 1623; x_wconf 92' lang='grc'><strong>.</strong></span> <span class='ocrx_word' id='word_1_183' title='bbox 310 1579 382 1634; x_wconf 63' lang='grc'><strong>,111</strong></span> <span class='ocrx_word' id='word_1_184' title='bbox 419 1612 428 1622; x_wconf 94' lang='grc'><strong>.</strong></span> <span class='ocrx_word' id='word_1_185' title='bbox 464 1613 472 1621; x_wconf 97' lang='grc'><strong><em>.</em></strong></span> <span class='ocrx_word' id='word_1_186' title='bbox 509 1612 517 1622; x_wconf 94' lang='grc'><strong><em>.</em></strong></span> <span class='ocrx_word' id='word_1_187' title='bbox 553 1612 561 1621; x_wconf 93' lang='grc'><strong><em>.</em></strong></span> <span class='ocrx_word' id='word_1_188' title='bbox 600 1578 885 1621; x_wconf 87' lang='lat' dir='ltr'><strong>Macedonum</strong></span> <span class='ocrx_word' id='word_1_189' title='bbox 922 1577 1069 1633; x_wconf 83' lang='lat' dir='ltr'><strong>opes¹²</strong></span> <span class='ocrx_word' id='word_1_190' title='bbox 1106 1576 1310 1619; x_wconf 89' lang='lat' dir='ltr'><strong>torrentis</strong></span> <span class='ocrx_word' id='word_1_191' title='bbox 1349 1576 1475 1618; x_wconf 91' lang='lat' dir='ltr'><strong>modo</strong></span> <span class='ocrx_word' id='word_1_192' title='bbox 1514 1589 1675 1630; x_wconf 86' lang='lat' dir='ltr'><strong>magna</strong></span> <span class='ocrx_word' id='word_1_193' title='bbox 1714 1574 1757 1616; x_wconf 90' lang='lat' dir='ltr'><strong>vi</strong></span> 
     </span>
    </p>
   </div>
   <div class='ocr_carea' id='block_1_6' title="bbox 220 1686 351 1693">
    <p class='ocr_par' dir='ltr' id='par_1_6' title="bbox 220 1686 351 1693">
     <span class='ocr_line' id='line_1_23' title="bbox 220 1686 351 1693; baseline 0 1465"><span class='ocrx_word' id='word_1_194' title='bbox 220 1686 351 1693; x_wconf 95' lang='lat' dir='ltr'><strong> </strong></span> 
     </span>
    </p>
   </div>
   <div class='ocr_carea' id='block_1_7' title="bbox 332 1723 1744 1784">
    <p class='ocr_par' dir='ltr' id='par_1_7' title="bbox 332 1723 1744 1784">
     <span class='ocr_line' id='line_1_24' title="bbox 332 1723 1744 1784; baseline -0.004 -10"><span class='ocrx_word' id='word_1_195' title='bbox 332 1749 355 1774; x_wconf 89' lang='lat' dir='ltr'><strong>a</strong></span> <span class='ocrx_word' id='word_1_196' title='bbox 380 1741 424 1774; x_wconf 85' lang='lat' dir='ltr'><strong>In</strong></span> <span class='ocrx_word' id='word_1_197' title='bbox 436 1741 607 1784; x_wconf 63' lang='lat' dir='ltr'><strong>margine:</strong></span> <span class='ocrx_word' id='word_1_198' title='bbox 619 1730 822 1773; x_wconf 87' lang='lat' dir='ltr'><strong>Homerum</strong></span> <span class='ocrx_word' id='word_1_199' title='bbox 835 1736 935 1772; x_wconf 90' lang='lat' dir='ltr'><strong>dicit.</strong></span> <span class='ocrx_word' id='word_1_200' title='bbox 959 1735 1169 1781; x_wconf 91' lang='lat' dir='ltr'><strong>Xenophon</strong></span> <span class='ocrx_word' id='word_1_201' title='bbox 1181 1723 1240 1770; x_wconf 72' lang='lat' dir='ltr'><strong>hic</strong></span> <span class='ocrx_word' id='word_1_202' title='bbox 1254 1734 1322 1770; x_wconf 89' lang='lat' dir='ltr'><strong>sub</strong></span> <span class='ocrx_word' id='word_1_203' title='bbox 1337 1733 1432 1780; x_wconf 83' lang='lat' dir='ltr'><strong>Cyro</strong></span> <span class='ocrx_word' id='word_1_204' title='bbox 1446 1733 1634 1779; x_wconf 88' lang='lat' dir='ltr'><strong>stipendia</strong></span> <span class='ocrx_word' id='word_1_205' title='bbox 1648 1733 1744 1769; x_wconf 88' lang='lat' dir='ltr'><strong>fecit.</strong></span> 
     </span>
    </p>
   </div>
   <div class='ocr_carea' id='block_1_8' title="bbox 221 1789 1722 1889">
    <p class='ocr_par' dir='ltr' id='par_1_8' title="bbox 221 1789 1722 1889">
     <span class='ocr_line' id='line_1_25' title="bbox 332 1789 1722 1841; baseline -0.004 -10"><span class='ocrx_word' id='word_1_206' title='bbox 332 1795 356 1831; x_wconf 90' lang='lat' dir='ltr'><strong>b</strong></span> <span class='ocrx_word' id='word_1_207' title='bbox 382 1798 427 1831; x_wconf 87' lang='lat' dir='ltr'><strong>ln</strong></span> <span class='ocrx_word' id='word_1_208' title='bbox 450 1798 621 1841; x_wconf 64' lang='lat' dir='ltr'><strong>margine:</strong></span> <span class='ocrx_word' id='word_1_209' title='bbox 646 1793 746 1830; x_wconf 90' lang='lat' dir='ltr'><strong>Ordo</strong></span> <span class='ocrx_word' id='word_1_210' title='bbox 770 1804 971 1839; x_wconf 86' lang='lat' dir='ltr'><strong>regnorum</strong></span> <span class='ocrx_word' id='word_1_211' title='bbox 996 1793 1084 1829; x_wconf 89' lang='lat' dir='ltr'><strong>ante</strong></span> <span class='ocrx_word' id='word_1_212' title='bbox 1107 1791 1277 1827; x_wconf 81' lang='lat' dir='ltr'><strong>Romam.</strong></span> <span class='ocrx_word' id='word_1_213' title='bbox 1304 1798 1390 1826; x_wconf 84' lang='lat' dir='ltr'><strong>tum:</strong></span> <span class='ocrx_word' id='word_1_214' title='bbox 1413 1789 1567 1826; x_wconf 86' lang='lat' dir='ltr'><strong>humani</strong></span> <span class='ocrx_word' id='word_1_215' title='bbox 1594 1819 1601 1826; x_wconf 94' lang='lat'><strong>.</strong></span> <span class='ocrx_word' id='word_1_216' title='bbox 1631 1819 1636 1825; x_wconf 95' lang='lat'><strong>.</strong></span> <span class='ocrx_word' id='word_1_217' title='bbox 1665 1803 1688 1825; x_wconf 92' lang='lat' dir='ltr'><strong>n</strong></span> <span class='ocrx_word' id='word_1_218' title='bbox 1715 1818 1722 1826; x_wconf 97' lang='lat'><strong>.</strong></span> 
     </span>
     <span class='ocr_line' id='line_1_26' title="bbox 221 1851 605 1889; baseline -0.003 -1"><span class='ocrx_word' id='word_1_219' title='bbox 221 1851 605 1889; x_wconf 80' lang='lat' dir='ltr'><strong>...se...tutei.</strong></span> 
     </span>
    </p>
   </div>
   <div class='ocr_carea' id='block_1_9' title="bbox 220 1936 490 1941">
    <p class='ocr_par' dir='ltr' id='par_1_9' title="bbox 220 1936 490 1941">
     <span class='ocr_line' id='line_1_27' title="bbox 220 1936 490 1941; baseline 0 0"><span class='ocrx_word' id='word_1_220' title='bbox 220 1936 490 1941; x_wconf 95' lang='lat' dir='ltr'><strong> </strong></span> 
     </span>
    </p>
   </div>
   <div class='ocr_carea' id='block_1_10' title="bbox 222 1971 1763 2924">
    <p class='ocr_par' dir='ltr' id='par_1_10' title="bbox 337 1971 1674 2022">
     <span class='ocr_line' id='line_1_28' title="bbox 337 1971 1674 2022; baseline -0.005 -9"><span class='ocrx_word' id='word_1_221' title='bbox 337 1982 353 2013; x_wconf 88' lang='grc'>1</span> <span class='ocrx_word' id='word_1_222' title='bbox 381 1976 557 2022; x_wconf 83' lang='lat' dir='ltr'><strong>Sequitur</strong></span> <span class='ocrx_word' id='word_1_223' title='bbox 582 1975 671 2012; x_wconf 89' lang='lat' dir='ltr'><strong>Cod.</strong></span> <span class='ocrx_word' id='word_1_224' title='bbox 697 1988 733 2022; x_wconf 89' lang='lat' dir='ltr'><strong>p.</strong></span> <span class='ocrx_word' id='word_1_225' title='bbox 760 1979 844 2019; x_wconf 78' lang='lat'><strong>2653</strong></span> <span class='ocrx_word' id='word_1_226' title='bbox 871 1975 1072 2021; x_wconf 87' lang='lat' dir='ltr'><strong>supersunt</strong></span> <span class='ocrx_word' id='word_1_227' title='bbox 1097 1975 1174 2010; x_wconf 90' lang='lat' dir='ltr'><strong>tres</strong></span> <span class='ocrx_word' id='word_1_228' title='bbox 1199 1972 1407 2008; x_wconf 87' lang='lat' dir='ltr'><strong>sententiae</strong></span> <span class='ocrx_word' id='word_1_229' title='bbox 1430 1972 1470 2007; x_wconf 90' lang='lat' dir='ltr'><strong>in</strong></span> <span class='ocrx_word' id='word_1_230' title='bbox 1493 1971 1674 2017; x_wconf 78' lang='lat' dir='ltr'><strong>margine.</strong></span> 
     </span>
    </p>

    <p class='ocr_par' dir='ltr' id='par_1_11' title="bbox 334 2031 950 2078">
     <span class='ocr_line' id='line_1_29' title="bbox 334 2031 950 2078; baseline -0.002 -8"><span class='ocrx_word' id='word_1_231' title='bbox 334 2038 355 2069; x_wconf 96' lang='grc'>2</span> <span class='ocrx_word' id='word_1_232' title='bbox 379 2033 576 2070; x_wconf 85' lang='lat' dir='ltr'><strong>Perierunt</strong></span> <span class='ocrx_word' id='word_1_233' title='bbox 601 2032 764 2078; x_wconf 86' lang='lat' dir='ltr'><strong>quinque</strong></span> <span class='ocrx_word' id='word_1_234' title='bbox 786 2031 950 2069; x_wconf 87' lang='lat' dir='ltr'><strong>litterae.</strong></span> 
     </span>
    </p>

    <p class='ocr_par' dir='ltr' id='par_1_12' title="bbox 335 2089 863 2136">
     <span class='ocr_line' id='line_1_30' title="bbox 335 2089 863 2136; baseline -0.004 -10"><span class='ocrx_word' id='word_1_235' title='bbox 335 2095 356 2126; x_wconf 91' lang='lat'><strong>3</strong></span> <span class='ocrx_word' id='word_1_236' title='bbox 381 2090 477 2126; x_wconf 92' lang='lat' dir='ltr'><strong>Item</strong></span> <span class='ocrx_word' id='word_1_237' title='bbox 501 2090 680 2136; x_wconf 87' lang='lat' dir='ltr'><strong>quattuor</strong></span> <span class='ocrx_word' id='word_1_238' title='bbox 702 2089 863 2125; x_wconf 87' lang='lat' dir='ltr'><strong>litterae.</strong></span> 
     </span>
    </p>

    <p class='ocr_par' dir='ltr' id='par_1_13' title="bbox 334 2146 786 2183">
     <span class='ocr_line' id='line_1_31' title="bbox 334 2146 786 2183; baseline 0 -1"><span class='ocrx_word' id='word_1_239' title='bbox 334 2150 357 2182; x_wconf 82' lang='lat'>4</span> <span class='ocrx_word' id='word_1_240' title='bbox 380 2146 477 2182; x_wconf 90' lang='lat' dir='ltr'><strong>Item</strong></span> <span class='ocrx_word' id='word_1_241' title='bbox 502 2146 598 2182; x_wconf 86' lang='lat' dir='ltr'><strong>duae</strong></span> <span class='ocrx_word' id='word_1_242' title='bbox 622 2146 786 2183; x_wconf 89' lang='lat' dir='ltr'><strong>litterae.</strong></span> 
     </span>
    </p>

    <p class='ocr_par' dir='ltr' id='par_1_14' title="bbox 222 2198 1761 2306">
     <span class='ocr_line' id='line_1_32' title="bbox 335 2198 1761 2249; baseline -0.004 -10"><span class='ocrx_word' id='word_1_243' title='bbox 335 2207 356 2239; x_wconf 88' lang='lat'>5</span> <span class='ocrx_word' id='word_1_244' title='bbox 382 2202 557 2249; x_wconf 86' lang='lat' dir='ltr'><strong>Sequitur</strong></span> <span class='ocrx_word' id='word_1_245' title='bbox 581 2204 623 2238; x_wconf 88' lang='lat' dir='ltr'><strong>ut</strong></span> <span class='ocrx_word' id='word_1_246' title='bbox 646 2203 794 2239; x_wconf 84' lang='lat' dir='ltr'><strong>videtur</strong></span> <span class='ocrx_word' id='word_1_247' title='bbox 813 2215 849 2248; x_wconf 91' lang='lat' dir='ltr'><strong>p.</strong></span> <span class='ocrx_word' id='word_1_248' title='bbox 869 2205 947 2244; x_wconf 82' lang='grc'>268,</span> <span class='ocrx_word' id='word_1_249' title='bbox 972 2201 1010 2236; x_wconf 91' lang='lat' dir='ltr'><strong>in</strong></span> <span class='ocrx_word' id='word_1_250' title='bbox 1035 2212 1110 2245; x_wconf 87' lang='lat' dir='ltr'><strong>qua</strong></span> <span class='ocrx_word' id='word_1_251' title='bbox 1133 2211 1324 2247; x_wconf 85' lang='lat' dir='ltr'><strong>perpauca</strong></span> <span class='ocrx_word' id='word_1_252' title='bbox 1348 2198 1426 2245; x_wconf 87' lang='lat' dir='ltr'><strong>legi</strong></span> <span class='ocrx_word' id='word_1_253' title='bbox 1450 2199 1618 2245; x_wconf 85' lang='lat' dir='ltr'><strong>possunt,</strong></span> <span class='ocrx_word' id='word_1_254' title='bbox 1645 2210 1761 2243; x_wconf 79' lang='lat' dir='ltr'><strong>caque</strong></span> 
     </span>
     <span class='ocr_line' id='line_1_33' title="bbox 222 2258 828 2306; baseline -0.002 -11"><span class='ocrx_word' id='word_1_255' title='bbox 222 2260 260 2295; x_wconf 89' lang='lat' dir='ltr'><strong>in</strong></span> <span class='ocrx_word' id='word_1_256' title='bbox 284 2259 455 2306; x_wconf 84' lang='lat' dir='ltr'><strong>margine</strong></span> <span class='ocrx_word' id='word_1_257' title='bbox 481 2271 552 2296; x_wconf 88' lang='lat' dir='ltr'><strong>sec.</strong></span> <span class='ocrx_word' id='word_1_258' title='bbox 580 2260 738 2296; x_wconf 87' lang='lat' dir='ltr'><strong>column.</strong></span> <span class='ocrx_word' id='word_1_259' title='bbox 764 2258 828 2295; x_wconf 86' lang='lat' dir='ltr'><strong>inf.</strong></span> 
     </span>
    </p>

    <p class='ocr_par' dir='ltr' id='par_1_15' title="bbox 337 2315 839 2362">
     <span class='ocr_line' id='line_1_34' title="bbox 337 2315 839 2362; baseline -0.002 -10"><span class='ocrx_word' id='word_1_260' title='bbox 337 2321 358 2351; x_wconf 85' lang='grc'><strong>6</strong></span> <span class='ocrx_word' id='word_1_261' title='bbox 380 2315 502 2352; x_wconf 81' lang='lat' dir='ltr'><strong>Maius</strong></span> <span class='ocrx_word' id='word_1_262' title='bbox 525 2315 620 2362; x_wconf 84' lang='lat' dir='ltr'><strong>legit</strong></span> <span class='ocrx_word' id='word_1_263' title='bbox 644 2322 839 2361; x_wconf 77' lang='lat' dir='ltr'><strong>occupatus.</strong></span> 
     </span>
    </p>

    <p class='ocr_par' dir='ltr' id='par_1_16' title="bbox 226 2363 1763 2474">
     <span class='ocr_line' id='line_1_35' title="bbox 341 2363 1763 2418; baseline -0.004 -10"><span class='ocrx_word' id='word_1_264' title='bbox 341 2377 358 2408; x_wconf 81' lang='lat'>7</span> <span class='ocrx_word' id='word_1_265' title='bbox 383 2372 598 2418; x_wconf 84' lang='lat' dir='ltr'><strong>Sequuntur</strong></span> <span class='ocrx_word' id='word_1_266' title='bbox 615 2371 705 2408; x_wconf 81' lang='lat' dir='ltr'><strong>cod.</strong></span> <span class='ocrx_word' id='word_1_267' title='bbox 724 2383 839 2418; x_wconf 84' lang='lat' dir='ltr'><strong>pagg.</strong></span> <span class='ocrx_word' id='word_1_268' title='bbox 859 2374 936 2414; x_wconf 84' lang='grc'>267,</span> <span class='ocrx_word' id='word_1_269' title='bbox 953 2375 1032 2415; x_wconf 84' lang='grc'>270,</span> <span class='ocrx_word' id='word_1_270' title='bbox 1050 2374 1128 2414; x_wconf 88' lang='grc'>269,</span> <span class='ocrx_word' id='word_1_271' title='bbox 1146 2363 1185 2405; x_wconf 80' lang='lat' dir='ltr'><strong>iii</strong></span> <span class='ocrx_word' id='word_1_272' title='bbox 1203 2370 1337 2414; x_wconf 87' lang='lat' dir='ltr'><strong>quibus</strong></span> <span class='ocrx_word' id='word_1_273' title='bbox 1353 2381 1506 2416; x_wconf 84' lang='lat' dir='ltr'><strong>prorsus</strong></span> <span class='ocrx_word' id='word_1_274' title='bbox 1526 2368 1617 2404; x_wconf 90' lang='lat' dir='ltr'><strong>nihil</strong></span> <span class='ocrx_word' id='word_1_275' title='bbox 1636 2367 1763 2403; x_wconf 85' lang='lat' dir='ltr'><strong>distin-</strong></span> 
     </span>
     <span class='ocr_line' id='line_1_36' title="bbox 226 2423 1760 2474; baseline -0.003 -10"><span class='ocrx_word' id='word_1_276' title='bbox 226 2428 364 2474; x_wconf 83' lang='lat' dir='ltr'><strong>guitur.</strong></span> <span class='ocrx_word' id='word_1_277' title='bbox 413 2427 587 2473; x_wconf 87' lang='lat' dir='ltr'><strong>Sequitur</strong></span> <span class='ocrx_word' id='word_1_278' title='bbox 611 2441 647 2474; x_wconf 88' lang='lat' dir='ltr'><strong>p.</strong></span> <span class='ocrx_word' id='word_1_279' title='bbox 673 2432 759 2473; x_wconf 82' lang='grc'>272,</span> <span class='ocrx_word' id='word_1_280' title='bbox 793 2439 890 2473; x_wconf 87' lang='lat' dir='ltr'><strong>quae</strong></span> <span class='ocrx_word' id='word_1_281' title='bbox 915 2427 1080 2473; x_wconf 86' lang='lat' dir='ltr'><strong>exceptis</strong></span> <span class='ocrx_word' id='word_1_282' title='bbox 1105 2426 1329 2471; x_wconf 85' lang='lat' dir='ltr'><strong>quibusdam</strong></span> <span class='ocrx_word' id='word_1_283' title='bbox 1352 2425 1391 2461; x_wconf 87' lang='lat' dir='ltr'><strong>in</strong></span> <span class='ocrx_word' id='word_1_284' title='bbox 1414 2424 1584 2470; x_wconf 84' lang='lat' dir='ltr'><strong>margine</strong></span> <span class='ocrx_word' id='word_1_285' title='bbox 1608 2423 1760 2460; x_wconf 84' lang='lat' dir='ltr'><strong>interiit.</strong></span> 
     </span>
    </p>

    <p class='ocr_par' dir='ltr' id='par_1_17' title="bbox 227 2480 1761 2634">
     <span class='ocr_line' id='line_1_37' title="bbox 341 2480 1761 2527; baseline -0.004 -7"><span class='ocrx_word' id='word_1_286' title='bbox 341 2490 362 2520; x_wconf 86' lang='grc'>8</span> <span class='ocrx_word' id='word_1_287' title='bbox 385 2483 575 2520; x_wconf 86' lang='lat' dir='ltr'><strong>Victoriae</strong></span> <span class='ocrx_word' id='word_1_288' title='bbox 601 2483 743 2520; x_wconf 89' lang='lat' dir='ltr'><strong>scilicet</strong></span> <span class='ocrx_word' id='word_1_289' title='bbox 766 2483 963 2519; x_wconf 87' lang='lat' dir='ltr'><strong>Parthicae</strong></span> <span class='ocrx_word' id='word_1_290' title='bbox 989 2484 1131 2519; x_wconf 83' lang='lat' dir='ltr'><strong>fructus</strong></span> <span class='ocrx_word' id='word_1_291' title='bbox 1155 2482 1226 2517; x_wconf 86' lang='lat' dir='ltr'><strong>fuit</strong></span> <span class='ocrx_word' id='word_1_292' title='bbox 1256 2483 1347 2527; x_wconf 85' lang='lat' dir='ltr'><strong>fuga</strong></span> <span class='ocrx_word' id='word_1_293' title='bbox 1369 2480 1547 2526; x_wconf 86' lang='lat' dir='ltr'><strong>Vologesi</strong></span> <span class='ocrx_word' id='word_1_294' title='bbox 1572 2480 1671 2516; x_wconf 85' lang='lat' dir='ltr'><strong>ultra</strong></span> <span class='ocrx_word' id='word_1_295' title='bbox 1694 2480 1761 2515; x_wconf 84' lang='lat' dir='ltr'><strong>Eu-</strong></span> 
     </span>
     <span class='ocr_line' id='line_1_38' title="bbox 227 2537 1760 2588; baseline -0.003 -12"><span class='ocrx_word' id='word_1_296' title='bbox 227 2542 401 2588; x_wconf 84' lang='lat' dir='ltr'><strong>phratem</strong></span> <span class='ocrx_word' id='word_1_297' title='bbox 427 2541 466 2576; x_wconf 90' lang='lat' dir='ltr'><strong>et</strong></span> <span class='ocrx_word' id='word_1_298' title='bbox 489 2539 650 2586; x_wconf 84' lang='lat' dir='ltr'><strong>Tigrim,</strong></span> <span class='ocrx_word' id='word_1_299' title='bbox 688 2540 912 2575; x_wconf 85' lang='lat' dir='ltr'><strong>observante</strong></span> <span class='ocrx_word' id='word_1_300' title='bbox 943 2538 1148 2574; x_wconf 88' lang='lat' dir='ltr'><strong>Iamblicho</strong></span> <span class='ocrx_word' id='word_1_301' title='bbox 1181 2538 1286 2583; x_wconf 87' lang='lat' dir='ltr'><strong>apud·</strong></span> <span class='ocrx_word' id='word_1_302' title='bbox 1311 2537 1487 2574; x_wconf 86' lang='lat' dir='ltr'><strong>Photium</strong></span> <span class='ocrx_word' id='word_1_303' title='bbox 1518 2537 1606 2573; x_wconf 87' lang='lat' dir='ltr'><strong>Cod.</strong></span> <span class='ocrx_word' id='word_1_304' title='bbox 1632 2540 1675 2573; x_wconf 80' lang='lat'><strong>94</strong></span> <span class='ocrx_word' id='word_1_305' title='bbox 1701 2538 1760 2572; x_wconf 81' lang='lat' dir='ltr'><strong>fin.</strong></span> 
     </span>
     <span class='ocr_line' id='line_1_39' title="bbox 228 2599 1412 2634; baseline 0 0"><span class='ocrx_word' id='word_1_306' title='bbox 228 2602 353 2634; x_wconf 78' lang='lat' dir='ltr'><strong>Maius.</strong></span> <span class='ocrx_word' id='word_1_307' title='bbox 1410 2599 1412 2602; x_wconf 77' lang='grc'><strong>’</strong></span> 
     </span>
    </p>

    <p class='ocr_par' dir='ltr' id='par_1_18' title="bbox 343 2651 1334 2699">
     <span class='ocr_line' id='line_1_40' title="bbox 343 2651 1334 2699; baseline -0.005 -8"><span class='ocrx_word' id='word_1_308' title='bbox 343 2659 364 2691; x_wconf 83' lang='grc'><strong>9</strong></span> <span class='ocrx_word' id='word_1_309' title='bbox 387 2654 489 2690; x_wconf 87' lang='lat' dir='ltr'><strong>Haec</strong></span> <span class='ocrx_word' id='word_1_310' title='bbox 514 2653 676 2699; x_wconf 85' lang='lat' dir='ltr'><strong>quinque</strong></span> <span class='ocrx_word' id='word_1_311' title='bbox 700 2652 816 2688; x_wconf 87' lang='lat' dir='ltr'><strong>verba</strong></span> <span class='ocrx_word' id='word_1_312' title='bbox 841 2652 1042 2698; x_wconf 83' lang='lat' dir='ltr'><strong>supersunt</strong></span> <span class='ocrx_word' id='word_1_313' title='bbox 1066 2662 1086 2687; x_wconf 94' lang='lat' dir='ltr'><strong>e</strong></span> <span class='ocrx_word' id='word_1_314' title='bbox 1110 2652 1215 2687; x_wconf 86' lang='lat' dir='ltr'><strong>textu</strong></span> <span class='ocrx_word' id='word_1_315' title='bbox 1240 2651 1334 2697; x_wconf 86' lang='lat' dir='ltr'><strong>ipso.</strong></span> 
     </span>
    </p>

    <p class='ocr_par' dir='ltr' id='par_1_19' title="bbox 323 2707 1399 2756">
     <span class='ocr_line' id='line_1_41' title="bbox 323 2707 1399 2756; baseline -0.003 -10"><span class='ocrx_word' id='word_1_316' title='bbox 323 2716 364 2747; x_wconf 89' lang='lat'><strong>10</strong></span> <span class='ocrx_word' id='word_1_317' title='bbox 388 2709 564 2756; x_wconf 86' lang='lat' dir='ltr'><strong>Sequitur</strong></span> <span class='ocrx_word' id='word_1_318' title='bbox 588 2721 623 2755; x_wconf 90' lang='lat' dir='ltr'><strong>p.</strong></span> <span class='ocrx_word' id='word_1_319' title='bbox 651 2713 728 2753; x_wconf 82' lang='grc'>271,</span> <span class='ocrx_word' id='word_1_320' title='bbox 754 2707 856 2744; x_wconf 83' lang='lat' dir='ltr'><strong>euius</strong></span> <span class='ocrx_word' id='word_1_321' title='bbox 880 2707 1110 2754; x_wconf 83' lang='lat' dir='ltr'><strong>paucissima</strong></span> <span class='ocrx_word' id='word_1_322' title='bbox 1131 2707 1208 2754; x_wconf 88' lang='lat' dir='ltr'><strong>legi</strong></span> <span class='ocrx_word' id='word_1_323' title='bbox 1231 2709 1399 2754; x_wconf 85' lang='lat' dir='ltr'><strong>possunt.</strong></span> 
     </span>
    </p>

    <p class='ocr_par' dir='ltr' id='par_1_20' title="bbox 231 2763 1762 2870">
     <span class='ocr_line' id='line_1_42' title="bbox 324 2763 1762 2811; baseline -0.003 -9"><span class='ocrx_word' id='word_1_324' title='bbox 324 2771 362 2802; x_wconf 92' lang='lat'><strong>11</strong></span> <span class='ocrx_word' id='word_1_325' title='bbox 389 2765 564 2811; x_wconf 86' lang='lat' dir='ltr'><strong>Sequitur</strong></span> <span class='ocrx_word' id='word_1_326' title='bbox 589 2764 677 2802; x_wconf 89' lang='lat' dir='ltr'><strong>Cod.</strong></span> <span class='ocrx_word' id='word_1_327' title='bbox 704 2777 739 2810; x_wconf 91' lang='lat' dir='ltr'><strong>p.</strong></span> <span class='ocrx_word' id='word_1_328' title='bbox 767 2769 845 2808; x_wconf 82' lang='grc'>262,</span> <span class='ocrx_word' id='word_1_329' title='bbox 871 2765 973 2799; x_wconf 83' lang='lat' dir='ltr'><strong>cuiu&#39;s</strong></span> <span class='ocrx_word' id='word_1_330' title='bbox 999 2766 1199 2810; x_wconf 85' lang='lat' dir='ltr'><strong>supersunt</strong></span> <span class='ocrx_word' id='word_1_331' title='bbox 1230 2764 1415 2809; x_wconf 85' lang='lat' dir='ltr'><strong>quaedam</strong></span> <span class='ocrx_word' id='word_1_332' title='bbox 1441 2763 1702 2800; x_wconf 84' lang='lat' dir='ltr'><strong>adnotationes</strong></span> <span class='ocrx_word' id='word_1_333' title='bbox 1726 2763 1762 2798; x_wconf 84' lang='lat' dir='ltr'><strong>in</strong></span> 
     </span>
     <span class='ocr_line' id='line_1_43' title="bbox 231 2824 411 2870; baseline -0.006 -10"><span class='ocrx_word' id='word_1_334' title='bbox 231 2824 411 2870; x_wconf 82' lang='lat' dir='ltr'><strong>margine.</strong></span> 
     </span>
    </p>

    <p class='ocr_par' dir='ltr' id='par_1_21' title="bbox 326 2877 1174 2924">
     <span class='ocr_line' id='line_1_44' title="bbox 326 2877 1174 2924; baseline -0.005 -8"><span class='ocrx_word' id='word_1_335' title='bbox 326 2885 365 2916; x_wconf 80' lang='lat'><strong>12</strong></span> <span class='ocrx_word' id='word_1_336' title='bbox 391 2880 449 2916; x_wconf 86' lang='lat' dir='ltr'><strong>Ita</strong></span> <span class='ocrx_word' id='word_1_337' title='bbox 474 2878 611 2924; x_wconf 85' lang='lat' dir='ltr'><strong>Codex,</strong></span> <span class='ocrx_word' id='word_1_338' title='bbox 637 2879 679 2914; x_wconf 89' lang='lat' dir='ltr'><strong>ut</strong></span> <span class='ocrx_word' id='word_1_339' title='bbox 704 2877 914 2914; x_wconf 85' lang='lat' dir='ltr'><strong>coniecerat</strong></span> <span class='ocrx_word' id='word_1_340' title='bbox 938 2877 1174 2913; x_wconf 83' lang='lat' dir='ltr'><strong>Niebuhrius.</strong></span> 
     </span>
    </p>
   </div>
  </div>
 </body>
</html>
