1968 3158
438 167 504 207 AD
528 167 576 207 M.
597 168 863 207 CAERAREM
887 168 950 207 ΕΤ
976 167 1180 207 INVICEM
1204 168 1349 208 LIBER
1371 169 1452 207 IIII.
1670 171 1723 215 (51

178 292 371 342 pervince
383 291 596 341 pertinaci
618 291 869 341 pervicacia.
903 287 962 330 Et
982 287 1175 330 Herodes
1205 290 1249 330 te
1280 289 1410 343 amat,
1444 289 1488 330 et
1518 302 1598 344 ego
1625 287 1724 330 istic

181 357 263 400 hoc
294 371 391 413 ago,
425 358 468 398 61
498 357 571 412 qui
601 359 644 399 te
674 371 764 399 11011
796 358 933 412 amat,
973 357 1167 412 profecto
1195 371 1334 413 neque
1372 356 1445 399 ille
1477 356 1621 399 animo
1659 357 1724 398 in-

180 426 364 482 tellegit,
397 440 536 481 neque
568 426 702 468 oculis
733 425 869 468 videt:
907 439 1010 467 116111
1041 425 1092 467 de
1124 425 1299 467 auribus
1330 425 1441 467 nihil
1471 425 1587 480 dico,
1620 440 1724 467 nam

181 494 403 537 omnium¹
459 509 583 537 aures
627 496 728 536 tuae
773 493 948 536 voculae
994 493 1269 536 subserviunt
1314 494 1392 536 sub
1429 494 1581 550 iugum
1626 494 1724 536 sub-

125 603 131 608 .
182 565 344 607 actaea.
406 562 516 606 Mihi
558 565 602 605 et
638 562 870 604 hodiernus
913 561 1002 603 (lies
1040 577 1172 605 verno
1216 563 1283 605 die
1323 562 1508 619 longior,
1555 565 1600 605 et
1638 577 1724 604 nox

180 633 359 676 veniens
390 631 572 674 hiberna
601 632 729 674 110616
758 630 964 687 prolixior
993 631 1162 673 videtur
1193 633 1321 687 atque
1350 631 1577 674 videbitur.
1610 630 1725 673 Nam

183 716 279 744 cum
311 701 497 743 maximo
527 714 655 756 opere
675 699 940 742 Frontonem
959 714 1103 741 meum
1135 700 1419 755 consalutare,
1453 703 1546 742 tum
1569 699 1724 742 harum

181 769 420 813 recentium
468 768 712 811 litterarum
749 768 1003 824 scriptorem
1046 768 1276 824 praecipue
1324 769 1448 824 cupio
1495 768 1722 824 conplecti.

180 838 302 882 Haec
333 837 515 881 6111611112
555 837 609 879 ad
646 839 689 879 te
728 837 895 893 scripsi,
942 837 1044 893 quia
1074 836 1325 879 Maecianus
1355 852 1408 879 ur
1431 837 1463 893 3³
1486 838 1632 894 gebat,
1682 840 1725 879 et

179 907 360 950 fratrem
396 909 519 949 tuum
557 905 768 948 maturius
815 906 869 948 ad
909 908 954 948 te
997 906 1156 948 reverti
1201 920 1351 966 aecum
1389 908 1494 948 erat.
1557 905 1723 956 Quaeso

179 977 328 1033 igitur,
362 975 398 1018 si
429 975 541 1031 quod
571 975 750 1017 verbum
771 974 1010 1030 absurdius,
1045 977 1119 1017 aut
1139 974 1425 1017 inconsultior
1447 990 1614 1031 sensus,
1649 977 1724 1017 aut

179 1045 392 1088 infirmior
421 1044 568 1086 littera
604 1044 704 1086 istic
743 1043 838 1098 erit,
880 1043 925 1085 id
953 1043 1383 1099 tempori,adp0nas:
1418 1059 1521 1086 nam
1553 1059 1649 1086 cum
1679 1047 1723 1086 te

180 1116 230 1156 ut
261 1113 445 1156 amicum
477 1112 850 1155 vehementissime
881 1111 1074 1168 diligam,
1107 1112 1226 1154 tum⁴
1260 1112 1506 1155 meminisse
1537 1114 1721 1168 oportet,

181 1184 392 1239 quantum
424 1196 612 1224 amorem
650 1181 801 1237 amico,
838 1182 1011 1224 tantum
1037 1181 1317 1224 -reverentiae
1354 1181 1563 1237 magistro
1602 1196 1723 1237 prae—

181 1254 296 1294 stare
327 1250 491 1293 debere.
552 1249 676 1306 Vale,
708 1251 767 1292 mi
798 1250 960 1294 Fronto
992 1251 1210 1294 carissime
1242 1252 1285 1293 et
1315 1265 1446 1306 supra
1486 1250 1625 1292 omnis
1656 1265 1724 1291 res

181 1319 438 1363 dulcissime.

296 1387 428 1431 Sota⁵
464 1386 693 1430 Ennianus
733 1389 935 1431 remissus
975 1403 1000 1431 a
1029 1390 1086 1444 te,
1130 1390 1174 1431 et
1202 1388 1249 1430 in
1281 1387 1432 1430 charta
1461 1388 1633 1444 puriore
1682 1390 1725 1430 et

181 1459 396 1502 volumine
441 1456 630 1512 gratiore
676 1452 718 1499 et
762 1457 908 1500 littera
952 1457 1172 1503 festiviore
1217 1472 1346 1513 quam
1392 1459 1521 1499 antea
1565 1458 1722 1511 fuerat,

182 1523 360 1567 videtur.
423 1524 643 1568 Gracchus
682 1541 779 1568 cum
811 1527 915 1569 cado
952 1527 1083 1568 musti
1119 1528 1315 1581 maneat,
1362 1526 1464 1567 dum
1502 1525 1723 1567 venimus:

181 1606 319 1647 neque
351 1593 467 1635 enim
496 1596 636 1636 metus
682 1597 749 1637 est
785 1594 1030 1638 Gracchum
1067 1595 1235 1638 interea
1273 1610 1370 1637 cum
1399 1596 1541 1636 musto
1589 1594 1724 1636 defer·

183 1674 279 1702 vere
310 1675 447 1717 posse.
508 1662 696 1706 Valeas⁶
726 1678 907 1720 semper,
941 1664 1086 1706 anima
1117 1663 1383 1706 suavissima.

599 1823 699 1868 ΙΙΙ.
742 1824 947 1869 Domino
977 1823 1079 1868 Meo
1110 1823 1308 1868 Fronto.

298 1913 500 1956 Omnium
533 1916 704 1971 artium,
737 1918 786 1958 ut
817 1931 897 1972 ego
929 1916 1126 1971 arbitror,
1165 1917 1414 1972 imperitum
1438 1918 1481 1958 et
1501 1915 1725 1958 indoctum

183 1981 359 2023 omnino
406 1997 498 2025 esse
542 1986 736 2039 praestat
783 2000 911 2040 quam
953 1985 1276 2042 saemiperitum
1315 2000 1365 2027 ac
1402 1985 1723 2027 semidoctumb.

182 2049 297 2091 Nam
327 2050 400 2106 qui
430 2051 511 2095 sibi
549 2053 745 2095 conscius
784 2055 850 2095 est
887 2054 993 2095 artis
1032 2055 1252 2109 expertem
1299 2064 1429 2109 essee,
1471 2054 1614 2095 minus
1655 2054 1725 2095 ad-

297 2198 320 2223 a
344 2190 389 2223 In
412 2193 580 2235 margine:
607 2189 782 2225 Omnium
806 2201 914 2226 aures
939 2190 1014 2226 tuis
1030 2189 1170 2226 voculis
1192 2190 1261 2227 sub
1278 2191 1409 2237 iugum
1427 2190 1606 2227 subactae
1626 2191 1723 2226 sunt.

296 2244 320 2280 b
348 2248 392 2281 In
415 2251 584 2293 margine:
611 2247 786 2283 Omnium
810 2248 947 2284 artium
1202 2248 1459 2284 semidoctum.

298 2314 317 2337 6
346 2305 390 2338 In
414 2308 583 2350 maryine:
609 2304 731 2340 Minus
756 2305 870 2341 audet
895 2305 959 2350 qui
985 2317 1023 2341 se
1050 2306 1120 2341 scit
1145 2305 1237 2341 artis
1262 2306 1464 2351 expertem.

301 2456 318 2486 1
345 2450 433 2488 Cod.
460 2464 516 2498 pr.
543 2465 590 2489 m.
619 2453 784 2490 OOONIB.

298 2513 318 2544 ‘2
345 2508 433 2545 Cod.
460 2522 516 2556 pr.
544 2522 592 2545 m.
619 2524 691 2546 cum
713 2515 786 2547 sim.

298 2570 318 2601 3
343 2565 479 2611 Incipit
496 2566 679 2603 CodVat.
697 2579 733 2613 p.
748 2571 822 2604 176.
863 2568 903 2604 L.
922 2567 1114 2605 Volusium
1130 2568 1366 2605 Maecianum
1390 2568 1479 2604 iuris
1505 2568 1726 2615 magistrum

185 2620 305 2658 audiit
327 2622 484 2667 Marcus,
511 2623 709 2669 Capitolin.
734 2624 839 2671 ingM.
860 2637 888 2660 6.
905 2631 936 2662 3.
985 2626 1158 2661 Laudant
1183 2626 1348 2661 eiusdem
1372 2626 1612 2672 prudentiam
1637 2627 1727 2662 iuris

185 2679 418 2724 amicumque
444 2681 637 2726 appellant
660 2680 745 2716 Divi
768 2681 919 2718 Fratres
942 2682 1085 2729 Digest.
1111 2682 1294 2727 XXXVII,
1315 2687 1365 2718 14.
1387 2687 1439 2718 17.

298 2741 319 2772 4
343 2737 442 2773 Maio
467 2737 615 2773 videtur
637 2737 676 2773 in
702 2737 837 2774 Codice
862 2739 1043 2774 excidisse
1067 2753 1129 2777 me.

299 2798 319 2830 5
343 2795 401 2830 Ita
425 2794 615 2830 evidenter
641 2794 775 2831 Codex.
819 2798 945 2834 Maius.
995 2796 1038 2831 cf.
1057 2796 1267 2832 Vahlenum
1292 2797 1330 2832 in
1352 2797 1524 2843 prolegg.
1552 2797 1601 2834 ad
1617 2798 1726 2834 Ennii

183 2851 398 2896 fragmenta
421 2863 456 2897 p.
474 2850 549 2887 XC.

299 2911 320 2943 6
345 2906 486 2944 Codex:
517 2912 652 2944 Valeat.
