1968 3158
776 140 1151 178 PROLEGOMENA.
1615 151 1727 183 xxm

191 259 304 316 iniit,
337 258 528 302 nondum
559 259 651 301 nati
683 261 808 301 erant
829 258 1085 300 commodus
1117 271 1214 300 cum
1244 256 1418 313 gemino
1439 255 1575 298 fratre
1596 257 1733 298 Anto-

191 328 311 384 nino,
344 343 473 384 quum
503 327 744 383 Imperator
774 327 979 369 scriberet
1011 326 1236 382 epistolam
1266 325 1323 381 II,
1362 326 1404 381 l,
1445 340 1555 382 quae
1584 325 1733 381 utique

193 397 294 439 data
331 398 398 439 est
434 398 536 438 ante
573 395 670 438 Kal.
711 395 828 451 Sept.
882 395 1082 451 Requirit
1119 396 1335 437 orationes
1375 409 1483 451 quae
1523 394 1734 437 Frontoni

192 465 499 508 disertissimae
545 465 797 519 videantur,
850 464 903 505 ad
949 463 1120 506 dicendi
1170 464 1424 506 facultatem
1473 463 1731 520 augendam.

192 533 463 590 Quamquam
494 535 638 576 autem
667 532 880 575 tenuisset
910 546 1087 587 morem,
1121 546 1249 587 quem
1280 547 1304 573 a
1335 534 1459 587 patre
1491 537 1731 588 acceperat,

192 604 241 645 ut
261 602 573 645 vindemiarum
601 603 795 657 tempore
824 601 1122 655 rusticaretur,
1157 615 1283 642 curae
1306 601 1477 656 imperii
1507 615 1597 643 non
1628 600 1733 642 satis

193 671 357 714 dabant
387 670 464 713 otii
495 670 549 712 ad
581 670 691 712 vires
721 669 975 711 reficiendas
1007 670 1071 723 et,
1114 668 1149 710 si
1179 670 1326 711 tamen
1360 669 1520 725 aliquid
1551 670 1628 711 otii
1659 684 1733 711 na-

193 741 287 782 ctus
318 740 451 794 esset,
491 738 572 780 hoc
609 737 767 780 litteris
797 737 1037 780 tribuebat:
1087 751 1312 792 possumus
1350 737 1432 790 hoc
1472 739 1643 780 efficere
1682 753 1733 780 ex

190 807 277 850 illis
315 806 507 863 epistolis
546 821 655 863 quae
691 806 991 849 inscribuntur
1028 810 1079 848 de
1108 810 1242 848 Feriis
1272 809 1517 849 Alsiensibus
1545 807 1733 862 itemque

192 891 243 918 ex
285 876 410 932 epist.
451 875 504 917 ad
535 875 700 917 Anton.
738 875 797 931 II,
828 875 858 917 4
889 876 932 916 et
961 874 1001 918 5.
1062 874 1227 916 Eodem
1264 875 1404 917 refero
1443 877 1610 917 sextam
1648 875 1734 931 epi-

192 945 367 1000 stolam,
407 945 454 986 in
485 959 569 1000 qua
599 944 761 986 Fronto
801 943 906 987 artis
936 945 1171 1001 praecepta
1200 943 1358 999 tradit,
1401 943 1558 985 additis
1590 958 1733 985 excer-

191 1013 278 1070 ptis
299 1012 588 1056 Sallustianis.
631 1013 719 1056 Sub
742 1013 846 1055 anni
873 1013 1005 1055 finem
1035 1012 1246 1068 scriptum
1276 1011 1474 1054 existimo
1504 1012 1733 1054 ridiculum

190 1084 427 1125 tractatum
458 1086 508 1124 de
538 1085 655 1125 Bello
684 1085 890 1125 Parthico.
952 1080 1091 1131 Quam
1126 1081 1279 1123 vellem
1309 1080 1565 1124 haberemus
1596 1080 1734 1122 Marci

192 1150 359 1193 Aurelii
390 1150 598 1193 iudicium
628 1151 679 1193 de
709 1153 800 1193 tam
838 1150 991 1206 putida
1021 1152 1065 1192 et
1095 1149 1201 1192 anili
1233 1149 1498 1205 eloquentia!

305 1218 399 1261 Iam
435 1216 529 1261 nati
568 1221 694 1262 erant
730 1219 894 1276 gemini
925 1218 1181 1262 Commodus
1225 1220 1269 1260 et
1314 1219 1587 1274 Antoninus,
1636 1232 1734 1261 cum

193 1302 307 1330 anno
341 1288 422 1331 162
452 1287 695 1344 Imperator
733 1288 941 1331 scriberet
979 1287 1206 1343 epistolam
1235 1287 1270 1343 I,
1307 1289 1327 1329 1
1342 1321 1353 1343 ,
1395 1286 1627 1330 Frontonis
1666 1288 1734 1329 die

191 1356 352 1412 natali,
390 1356 464 1413 qui
493 1357 599 1413 fuit,
646 1359 694 1399 ut
725 1372 855 1412 supra
885 1356 1128 1412 suspicatus
1159 1371 1276 1411 sum,
1310 1356 1377 1398 die
1408 1355 1462 1399 V.
1497 1356 1594 1398 Kal.
1628 1356 1731 1398 Mai.

191 1425 444 1481 Respondet
481 1425 644 1468 Fronto
681 1425 729 1468 in
767 1425 892 1481 epist.
924 1425 961 1481 I,
1001 1426 1049 1480 2,
1095 1425 1143 1467 in
1181 1440 1265 1480 qua
1303 1417 1734 1467 animadvertendum

193 1496 258 1536 est
288 1494 450 1537 Verum
480 1495 673 1536 nondum
709 1495 756 1536 in
803 1493 971 1550 Syriam
1008 1494 1251 1550 profectum
1296 1508 1388 1536 ess-e
1426 1495 1469 1535 et
1506 1496 1735 1550 utrumque

191 1563 373 1604 fratrem
401 1563 584 1604 multam
613 1577 790 1618 operam
820 1563 921 1605 dare
953 1563 1035 1604 arti
1067 1562 1292 1604 oratoriae.
1339 1562 1551 1618 Magister
1579 1562 1736 1618 probat

193 1631 392 1687 discipuli
422 1631 641 1687 profectus
672 1633 716 1673 et
745 1633 969 1687 praeterea
999 1631 1220 1687 significat
1250 1645 1294 1673 se
1324 1631 1443 1673 brevi
1475 1631 1736 1687 scripturum

173 1697 284 1742 ‘esse
323 1700 374 1741 de
412 1699 526 1755 aptis
564 1700 705 1752 verbis
743 1699 969 1755 eligendis.
1029 1699 1182 1755 Itaque
1223 1699 1277 1741 ad
1306 1699 1413 1741 illud
1443 1700 1534 1742 fere
1564 1702 1735 1756 tempus

192 1768 331 1810 refero
352 1767 556 1824 epistolas
577 1772 628 1810 de
650 1772 894 1820 Eloquentia
925 1770 968 1810 et
996 1771 1046 1810 de
1069 1770 1343 1823 Orationibus,
1377 1783 1558 1824 quarum
1588 1770 1738 1810 tamen

192 1836 299 1879 haec
343 1836 472 1892 paulo
510 1837 724 1892 posterius
765 1837 927 1892 scripta
958 1838 1037 1879 est.
1097 1836 1180 1878 Illa
1225 1837 1414 1879 creditur
1464 1837 1637 1892 quidem
1684 1836 1738 1878 ad

193 1905 252 1946 M.
285 1903 514 1947 Gaesarem
551 1905 652 1947 data
683 1920 775 1948 esse
792 1939 803 1961 ,
837 1905 911 1947 sed
942 1905 979 1947 si
1007 1904 1211 1947 foliorum
1230 1905 1437 1947 ordinem
1466 1907 1584 1947 recte
1615 1905 1738 1947 resti-

192 1973 282 2028 tui,
328 1988 413 2029 qua
443 1973 495 2015 de
531 1987 577 2015 re
613 1975 761 2016 tamen
799 1975 846 2016 in
884 1988 935 2016 ea
973 1973 1131 2016 codicis
1169 1975 1294 2030 parte
1342 1973 1557 2016 dubitatio
1593 1975 1738 2030 potest

193 2041 309 2097 oriri,
343 2041 444 2084 data
475 2043 541 2084 est
571 2042 625 2084 ad
645 2041 705 2084 M.
729 2042 1006 2084 Antoninum
1025 2042 1352 2098 Imperatorem.
1395 2041 1562 2084 Rhetor
1591 2042 1738 2084 omnia

146 2135 155 2146 ι
193 2112 350 2166 movet,
389 2112 439 2152 ut
467 2111 773 2166 imperatorem
804 2126 829 2153 a
859 2111 1012 2153 studiis
1042 2110 1353 2167 philosophicis
1386 2110 1632 2153 abstrahat:
1663 2125 1737 2166 po-

193 2178 329 2220 stulat
371 2180 421 2220 ut
463 2179 669 2235 temporis
712 2179 980 2235 meminerit,
1032 2194 1164 2236 quum
1210 2194 1450 2236 synonyma
1498 2179 1734 2236 colligeret,

193 2247 325 2289 verba
355 2247 594 2302 singularia
624 2248 874 2304 requireret,
910 2250 1123 2290 commata
1155 2248 1206 2289 de
1235 2248 1487 2304 vulgaribus
1518 2248 1737 2304 elegantia

122 2338 127 2343 ·
194 2315 411 2370 redderet,
460 2316 512 2357 de
557 2316 864 2359 contaminatis
908 2331 1043 2371 nova,
1089 2317 1328 2372 imaginem
1376 2317 1734 2371 adcommodaret,

194 2384 379 2439 figuram
408 2382 620 2439 iniiceret,
652 2384 795 2440 prisco
818 2385 946 2428 verbo
971 2385 1222 2440 adornaret,
1258 2384 1442 2427 colorem
1473 2385 1738 2427 vetustulum
1764 2403 1773 2411 ⁸

196 2451 474 2507 appingeret:
513 2467 621 2507 quae
651 2453 876 2508 occupatio
908 2455 1025 2496 certe
1054 2453 1314 2510 imperatore
1345 2453 1543 2494 Romano
1574 2452 1757 2508 dignis-K

196 2519 304 2561 sima
325 2521 403 2576 est.
445 2518 704 2562 Prudentius
735 2535 840 2563 sane
868 2521 955 2563 fuit
974 2521 1145 2563 Rustici
1167 2521 1408 2576 consilium,
1442 2521 1516 2576 qui
1537 2522 1738 2563 iuvenem

196 2587 400 2640 ἀπὲετηεε
433 2587 666 2641 ῥητορικῆς·
686 2589 755 2630 καὶ
784 2593 1003 2642 ποιητικῆς
1031 2590 1100 2632 καὶ
1131 2588 1450 2640 ἀετειολογίαε.’

309 2654 450 2711 Epist.
499 2655 552 2697 ad
595 2655 759 2698 Verum
788 2656 846 2711 II,
879 2658 904 2699 8
949 2658 1112 2713 scripta
1157 2659 1243 2711 est,
1291 2657 1405 2699 Vero
1452 2655 1646 2699 nondum
1689 2658 1737 2700 in

147 2720 154 2722 ⁷
197 2723 365 2779 Syriam
403 2723 610 2779 profecto.
671 2723 752 2774 Qui
783 2739 915 2780 quum
947 2724 1124 2768 Canusii
1164 2727 1430 2780 aegrotaret,
1472 2740 1497 2766 a
1526 2725 1736 2782 magistro

198 2791 366 2847 accepit
395 2806 461 2847 ep.
493 2792 547 2834 ad
576 2791 678 2835 Ver.
711 2792 768 2847 H,
802 2793 841 2835 6.
885 2792 971 2835 Hic
1000 2795 1099 2848 post
1130 2793 1362 2836 adventum
1392 2793 1439 2836 in
1470 2792 1640 2849 Syriam
1671 2809 1737 2836 ra-

196 2859 284 2901 rius
326 2860 499 2915 scripsit
535 2862 580 2902 et
616 2860 912 2916 negligentiae
957 2861 1141 2903 colorem
1179 2861 1391 2918 quaesivit
1428 2862 1482 2908 in.
1506 2877 1572 2918 ep.
1605 2863 1662 2918 II,
1694 2863 1734 2905 2.
