1968 3158
254 176 308 217 28
537 168 827 206 Μ.(;’011ΝΕΙ,Π
852 165 1128 202 FRoNTole
1152 165 1492 202 EPISTULARUM

256 303 392 329 sermo
424 285 543 327 nobis
566 298 690 337 super
710 285 752 323 te
775 283 945 323 exortus
968 283 1033 323 est
1053 278 1187 322 multo
1208 280 1424 335 multoque
1445 281 1627 337 longior,
1651 297 1778 337 quam

255 355 333 395 tibi
365 356 406 394 et
427 350 639 407 quaestori
669 352 742 391 tuo
773 349 824 390 de
855 364 936 390 me.
968 340 1126 404 Itaque
1149 363 1229 390 nec
1258 348 1338 390 tibi
1369 349 1516 390 dubito
1546 349 1702 391 ibidem
1732 351 1779 391 111

255 422 346 462 foro
390 419 461 460 diu
505 417 664 459 tinnise
708 416 932 458 auriculas.
1016 416 1262 471 Conprobat
1306 415 1440 471 igitur
1484 416 1691 458 Dominus
1736 419 1779 459 et

255 489 369 527 amat
401 500 561 539 causaS,
609 486 784 539 propter
821 498 926 540 quas
963 484 1263 526 recitationem
1301 485 1421 525 tuam
1465 484 1510 525 in
1536 483 1779 541 longiorem

255 555 362 596 diem
395 552 611 609 protulisti
649 585 657 595 .
694 585 702 594 .
738 552 772 595 .¹

555 723 653 765 ΙΙΙ.
714 721 966 779 (Aurelius
998 722 1169 766 Caesar
1200 722 1471 778 Frontoni).

365 823 503 866 ²Sane
549 824 686 879 siquid
732 824 886 866 Graeci
930 826 1094 865 veteres
1131 824 1218 866 tale
1243 817 1545 879 scripserunt,
1595 825 1781 867 viderint

253 892 352 947 qui3
383 893 538 946 sciunt,
572 905 665 946 ego,
699 892 735 933 si
763 891 831 932 fas
862 883 927 933 est
948 891 1108 946 dicere,
1137 906 1217 933 nec
1238 892 1296 934 M.
1320 892 1518 934 Porcium
1550 894 1640 934 tam
1670 893 1779 934 bene

252 960 590 1013 vituperantem,
624 974 750 1014 quam
779 959 854 1000 tu⁴
885 959 1091 1013 laudasti,
1123 973 1303 1014 usquam
1334 959 1513 1001 advorti.
1561 960 1596 1002 O
1629 960 1664 1001 si
1695 960 1780 1002 Do-

253 1027 392 1067 minus
423 1041 541 1068 meus
572 1027 677 1068 satis
707 1026 872 1067 laudari
902 1028 1060 1080 posset,
1093 1026 1286 1081 profecto
1317 1041 1342 1068 a
1370 1028 1414 1068 te
1446 1027 1550 1068 satis
1580 1027 1779 1070 laudatus

254 1095 384 1135 esset!
426 1096 646 1137 Τοῦτο.το
678 1095 808 1146 ἔργον
841 1094 893 1136 οὐ
924 1095 1082 1144 γίνεται
1112 1097 1202 1137 νῦν.
1247 1094 1432 1136 Facilius
1464 1095 1557 1149 quis
1579 1094 1778 1150 Phidian,

245 1160 421 1203 'facilius
453 1162 651 1216 Apellen,
682 1161 853 1203 facilius
892 1161 1074 1216 denique
1112 1161 1252 1216 ipsum
1282 1161 1602 1204 Demosthenen
1640 1162 1780 1205 imita-

252 1232 320 1270 tus
350 1229 502 1283 fuerit,
544 1231 617 1270 aut
651 1229 792 1284 ipsum
823 1228 1052 1282 Catonem,
1093 1243 1220 1283 quam
1258 1228 1338 1270 1106
1374 1231 1466 1271 tam
1504 1230 1700 1272 effectum
1738 1233 1781 1273 et

254 1297 517 1338 elaboratum
548 1311 666 1351 opus.
699 1296 821 1350 Nihil
851 1310 931 1352 ego
960 1311 1162 1351 umquam
1194 1296 1369 1351 cultius,
1405 1297 1512 1338 nihil
1545 1298 1777 1354 antiquius,

253 1364 359 1405 nihil
393 1364 617 1418 conditius,
650 1364 759 1405 nihil
789 1364 965 1405 latinius
995 1363 1095 1419 legi.
1130 1363 1165 1406 O
1196 1365 1239 1405 te
1269 1363 1486 1406 hominem
1506 1365 1679 1407 beatum
1699 1366 1781 1408 hac

254 1432 494 1486 eloquentia
523 1431 785 1487 praeditum!
819 1432 854 1474 O
885 1446 953 1473 me
990 1431 1207 1473 hominem
1236 1431 1409 1473 beatum
1443 1432 1542 1474 huic
1571 1434 1780 1489 magistro

251 1499 480 1540 traditum!
543 1514 567 1542 0
599 1500 921 1552 ἐπιχειρήματαῖ
962 1514 986 1542 0
1017 1499 1149 1543 τάξιεῑ
1182 1513 1206 1540 0
1237 1498 1475 1559 elegantia!
1516 1515 1540 1542 0
1577 1500 1715 1555 lepos!
1755 1516 1780 1544 0

252 1568 472 1608 venustas!
504 1581 528 1608 0
559 1566 707 1608 verba!
739 1581 763 1607 0
792 1567 926 1608 nitor!
959 1581 983 1608 o
1005 1566 1219 1621 argutiae!
1252 1580 1276 1607 0
1297 1566 1507 1609 kharites!
1547 1583 1571 1610 o
1593 1569 1778 1621 ἄςκηειεέ
1837 1559 1839 1562 ⁴

252 1648 275 1675 0
306 1634 468 1676 omnia!
515 1634 582 1676 Ne
612 1634 791 1688 valeam,
831 1634 916 1675 nisi
953 1633 1096 1689 aliqua
1133 1633 1204 1675 die
1238 1634 1389 1690 virga5
1426 1634 1472 1676 in
1510 1650 1663 1677 manus
1698 1636 1780 1678 tibi

251 1701 459 1743 tradenda
489 1704 595 1756 erat,
628 1702 823 1743 diadema
852 1701 1270 1756 circumponendum,
1301 1702 1492 1744 tribunal
1513 1703 1778 1757 ponendum:

251 1770 341 1809 tum
371 1783 526 1823 praeco
557 1770 695 1811 omnis
726 1783 804 1811 nos
837 1769 1010 1811 citaret:
1042 1769 1141 1824 quid
1163 1783 1240 1811 nos
1270 1769 1398 1812 dieo?
1427 1771 1565 1812 omnis
1587 1771 1776 1827 inquam,

252 1835 490 1892 philologos
522 1839 564 1878 et
595 1837 775 1878 disertos
806 1837 932 1879 istos:
965 1851 1035 1878 eos
1065 1839 1113 1878 tu
1136 1836 1328 1893 singulos
1358 1837 1481 1893 virga
1510 1839 1777 1894 perduceres,

253 1903 393 1944 verbis
424 1918 632 1946 moneres.
695 1904 802 1946 Mihi
844 1904 983 1946 adhuc
1014 1905 1155 1946 nullus
1192 1906 1330 1946 metus
1369 1904 1493 1946 huius
1530 1906 1778 1948 monitionis
1819 1934 1822 1937 -

247 1964 365 2024 'erat3
387 1971 411 2026 jss
441 1963 589 2013 multa‘
607 1974 834 2027 supersunt
864 1974 913 2013 ut
944 1972 989 2013 in
1019 1971 1165 2013 ludum
1194 1974 1315 2014 tuum
1334 1972 1486 2027 pedem
1509 1972 1775 2016 introferam.

252 2036 372 2078 Haec
403 2053 497 2079 cum
529 2054 694 2081 summa
723 2039 1004 2081 festinatione
1035 2039 1087 2080 ad
1117 2041 1160 2080 te
1192 2039 1351 2081 scribo:
1389 2054 1491 2081 nam
1529 2055 1656 2094 quom
1693 2041 1776 2082 Do-

252 2104 357 2145 mini
396 2106 502 2147 mei⁷
549 2107 602 2147 ad
638 2109 682 2148 te
726 2107 954 2162 epistulam
983 2107 1199 2148 mitterem
1245 2108 1336 2148 tam
1380 2106 1629 2162 benignam,
1676 2109 1777 2163 quid

251 2170 356 2212 meis
387 2172 649 2228 longioribus
680 2174 835 2216 litteris
866 2189 971 2230 opus
1015 2176 1108 2216 erat
1125 2174 1146 2216 P
1205 2174 1345 2230 Igitur
1374 2174 1489 2229 vale,
1529 2174 1656 2217 decus
1695 2176 1776 2218 elo-

285 2315 297 2323 ·
364 2318 386 2341 a
412 2310 454 2341 In
479 2312 646 2353 maryz’ne:
676 2338 681 2343 .
711 2338 716 2343 .
746 2339 751 2344 .
782 2339 788 2344 .
815 2309 985 2354 p.rcium
1008 2300 1090 2344 tani
1111 2310 1207 2344 bene

744 2394 750 2400 .
780 2395 785 2400 .
811 2367 978 2401 erantem
1003 2377 1114 2410 quam
1136 2367 1179 2400 tu
1200 2365 1364 2401 laudasti

670 2433 872 2466 numquam
897 2422 1051 2457 adverti.

365 2525 381 2555 1
406 2521 621 2557 Desiderari
644 2523 816 2558 videntur
839 2523 1000 2569 paginae
1026 2524 1195 2569 quatuor.

364 2581 384 2611 2
409 2577 542 2622 Incipit
567 2578 655 2613 Cod.
681 2579 765 2614 Vat.
792 2591 828 2624 p.
850 2583 924 2615 168.

362 2637 382 2667 3
409 2633 494 2669 Cod.
521 2646 575 2679 pr.
603 2647 651 2669 m.
677 2648 774 2680 quae.

361 2693 382 2722 4
408 2688 494 2724 Cod⁴
521 2702 576 2735 pr.
602 2703 650 2725 m.
677 2699 744 2726 tua.

364 2748 384 2779 5
409 2744 487 2780 Sec.
513 2758 559 2780 m.
588 2747 824 2791 superposuit
847 2752 971 2793 aliqua.

364 2803 383 2833 6
407 2800 541 2846 Incipit
565 2801 652 2837 Cod.
678 2804 847 2839 Ambros.
875 2816 911 2849 p.
931 2807 1006 2839 167.

365 2858 382 2888 7
408 2855 503 2890 Puta,
526 2856 628 2892 illam
653 2857 851 2902 epistulam
877 2871 971 2904 quae
997 2861 1054 2895 est
1079 2860 1240 2895 secunda
1262 2859 1301 2895 in
1323 2859 1419 2895 libro
1437 2859 1484 2894 ad
1500 2859 1617 2896 Pium.
1645 2864 1771 2898 Maius.
1822 2861 1826 2862 ⁷

1644 3036 1658 3056 ἱ
