1968 3158
260 185 407 215 xxxw
838 165 1210 201 PROLEGOMENA.

779 277 991 313 Sidonius
1016 277 1157 322 Epist.
1183 278 1210 321 I,
1238 282 1267 313 1.

373 352 437 392 De
468 349 525 390 M.
558 347 696 388 Tullio
735 346 860 387 silere
897 359 965 387 me
1001 345 1049 386 in
1086 345 1185 387 stilo
1222 346 1444 401 epistulari
1474 348 1624 391 melius
1654 352 1782 405 put03

260 423 382 463 quem
413 419 491 448 nec
521 403 654 445 Iulius
681 402 879 443 Titianus
908 403 1049 443 totum
1079 402 1157 443 sub
1187 402 1432 445 nominibus
1462 403 1694 447 illustrium
1722 407 1783 449 fe-

257 464 468 505 minarum
505 460 637 514 digna
682 458 960 500 similitudine
1005 458 1226 513 expressit.
1286 458 1469 514 Propter
1506 461 1619 515 quod
1660 460 1783 505 illum

258 518 383 560 ceteri
431 516 586 571 quique
624 514 1036 570 Frontonianorum,
1088 517 1234 569 utpote
1275 518 1603 558 consectaneum
1642 532 1783 560 aemu-

255 575 352 627 lati,
394 587 467 614 cur
496 573 767 613 veternosum
798 571 966 613 dicendi
997 585 1133 626 genus
1174 571 1438 627 imitaretur,
1479 575 1698 616 oratorum
1728 575 1782 616 si-

254 630 381 671 miam
412 629 785 682 nuncupaverunt.

886 695 1009 730 Idem
1033 694 1094 738 IV,
1120 700 1150 730 3.

364 763 454 805 Nec
486 762 805 805 Frontonianae
844 763 1071 818 gravitatis
1109 765 1184 805 aut
1213 764 1412 818 ponderis
1443 764 1675 820 Apuleiani
1704 766 1783 808 flu-

253 835 351 862 men
382 820 667 874 aequiparem.

854 875 975 910 Idem
999 874 1097 918 VIII,
1125 879 1178 911 10.

363 943 422 985 M.
445 943 606 984 Fronto
638 958 734 985 cum
763 943 937 997 reliquis
959 943 1222 985 orationibus
1255 939 1482 999 emineret,
1507 945 1554 986 in
1575 945 1779 1001 Pelopem

251 1015 295 1042 se
326 1000 407 1042 sibi
437 999 655 1054 praetulit.

800 1054 1047 1099 Eutropius
1072 1054 1171 1098 VIII,
1197 1059 1229 1090 6.

362 1124 539 1165 Latinas
560 1123 755 1165 Marcum
774 1122 941 1164 litteras
961 1122 1122 1164 Fronto
1143 1125 1286 1164 orator
1306 1123 1598 1166 nobilissimus
1619 1125 1778 1175 docuit.

425 1213 682 1248 Martianus
707 1212 893 1258 Capella
917 1212 993 1248 lib.
1019 1212 1063 1247 V.
1090 1212 1195 1248 edit.
1220 1213 1438 1258 Eyssenh.
1464 1226 1500 1259 p.
1530 1218 1605 1253 140.

362 1282 465 1323 Post
494 1281 572 1323 hos
603 1281 650 1322 in
681 1281 857 1322 diversis
889 1281 1133 1336 agminibus
1163 1283 1353 1323 oratores
1385 1283 1564 1337 emeriti,
1598 1297 1648 1325 ac
1677 1297 1780 1338 prae

249 1354 293 1380 se
322 1339 510 1380 ferentes
549 1337 789 1393 insignium
828 1337 998 1379 culmen
1034 1337 1272 1392 meritaque
1302 1337 1569 1394 linguarum,
1603 1339 1780 1382 Aeschi-

250 1410 369 1448 nem,
402 1394 634 1436 Isocratem
666 1393 922 1448 Lysiamque
952 1394 1239 1448 conspiceres:
1270 1396 1365 1436 tum
1384 1395 1431 1436 in
1454 1396 1615 1451 togatis
1645 1396 1779 1452 agmi-

247 1451 373 1493 nibus
402 1450 643 1505 Sosantios,
679 1449 910 1504 Gracchos,
942 1449 1172 1505 Regulum,
1196 1449 1387 1492 Plinium
1415 1450 1776 1508 Frontonemque.
1831 1452 1834 1454 ’

702 1540 736 1575 S.
763 1539 1062 1585 Hieronymus
1088 1539 1217 1585 epist.
1243 1540 1324 1575 XII.

362 1609 431 1650 Ad
461 1610 651 1650 mentem
681 1608 975 1662 edomandam,
1015 1607 1183 1649 cuidam
1211 1608 1352 1662 fratri,
1385 1609 1458 1663 qui
1489 1623 1541 1651 ex
1570 1608 1780 1652 Hebraeis

250 1665 507 1719 crediderat,
547 1679 615 1706 me
651 1665 699 1706 in
730 1664 1003 1719 disciplinam
1034 1663 1155 1718 dedi,
1188 1666 1237 1705 ut
1266 1666 1366 1719 post
1395 1664 1652 1714 Quintiliani
1683 1681 1780 1708 acu-

246 1722 378 1775 mina,
412 1721 630 1764 Ciceronis
660 1721 810 1763 fluvios
848 1721 1191 1776 gravitatemque
1220 1720 1451 1763 Frontonis
1482 1724 1525 1764 et
1554 1721 1778 1764 lenitatem

247 1778 376 1820 Plinii
394 1811 405 1832 ,
439 1778 715 1832 alphabetum
736 1777 943 1819 discerem
972 1779 1015 1818 et
1036 1777 1262 1819 stridentia
1286 1777 1619 1833 anhelantiaque
1648 1778 1779 1821 verba

247 1834 489 1876 meditarer.
980 1852 983 1855 ⁴

451 1913 574 1948 Idem
604 1913 723 1948 libro
750 1912 801 1948 de
826 1911 946 1947 Viris
976 1911 1242 1947 Illustribus
1267 1912 1312 1947 in
1336 1912 1572 1948 Melitene.

362 1980 510 2021 Melito
549 1980 759 2035 Asianus,
800 1979 1024 2023 Sardensis
1055 1980 1301 2035 episcopus,
1342 1981 1501 2023 librum
1529 1967 1780 2036 imperatori

249 2035 308 2077 M.
332 2036 557 2078 Antonino
578 2036 706 2091 Vero,
740 2037 813 2092 qui
833 2036 1065 2078 Frontonis
1095 2037 1277 2078 oratoris
1308 2037 1540 2092 discipulus
1569 2037 1668 2092 fuit,
1699 2052 1779 2092 pro

249 2091 494 2134 Christiano
525 2093 725 2148 dogmate
755 2093 884 2135 dedit.

519 2182 639 2218 Idem
664 2183 708 2217 in
734 2182 957 2218 Chronico
983 2183 1039 2218 ad
1063 2194 1226 2218 annum
1251 2181 1348 2218 Chr.
1368 2181 1503 2217 CLXV.

361 2249 522 2291 Fronto
544 2253 686 2292 orator
706 2251 893 2306 insignis
914 2251 1112 2306 habetur,
1146 2250 1218 2306 qui
1241 2250 1300 2292 M.
1322 2251 1596 2292 Antoninum
1616 2251 1778 2294 Verum

249 2305 415 2348 Latinis
445 2306 602 2348 litteris
634 2308 830 2349 erudivit.
1241 2308 1253 2315 “

385 2395 683 2431 Cassiodorus
707 2396 753 2431 in
779 2396 1003 2432 Chronico
1029 2397 1083 2432 ad
1108 2407 1267 2432 annum
1292 2395 1461 2431 Christi
1486 2396 1640 2432 CLXIV.

359 2463 553 2505 Macrino
590 2466 633 2506 et
663 2464 785 2507 Celso
818 2479 955 2507 conss.
994 2464 1155 2506 Fronto
1185 2466 1330 2506 orator
1358 2464 1544 2521 insignis
1577 2465 1775 2521 habetur,

248 2519 321 2573 qui
350 2519 409 2561 M.
442 2520 716 2562 Antoninum
745 2521 912 2563 Latinis
942 2521 1099 2563 litteris
1131 2521 1325 2563 erudivit.

361 2675 481 2718 Haec
514 2678 636 2719 affert
665 2678 820 2720 Maius.
882 2678 995 2727 Quos
1025 2681 1248 2733 praeterea
1285 2678 1432 2720 laudat
1467 2678 1581 2720 locos
1613 2692 1635 2720 e
1654 2678 1775 2721 >Iulio

250 2730 431 2773 Firmico
469 2734 511 2774 et
547 2733 709 2776 Ioanne
748 2734 1083 2789 Saresberiensi,
1131 2749 1220 2777 non
1257 2749 1362 2789 opus
1399 2734 1484 2775 fuit
1521 2733 1773 2790 describere,

250 2787 349 2839 quia
378 2787 449 2829 ille
480 2789 530 2829 de
562 2789 644 2831 alio
674 2790 892 2833 Frontone
922 2791 1124 2846 loquitur,
1157 2791 1228 2833 hic
1258 2791 1423 2832 diversa
1452 2790 1617 2833 miscet.
