1968 3158
241 243 296 284 3ss
522 239 569 272 M.
590 238 815 272 CORNELII
841 235 1116 270 FRONTONIS
1140 235 1482 270 EPISTULARUM

242 354 342 395 alibi
393 353 589 407 palantes
632 350 910 405 balantesque
957 349 1172 391 oberrant.
1234 348 1388 391 Pastor
1423 349 1590 392 furcam
1633 351 1767 392 intor-

241 423 361 475 quet3
391 420 512 460 furca
542 420 587 459 in
619 419 818 473 equitem,
852 418 923 473 qui
954 432 1022 459 me
1053 417 1314 472 sectabatur,
1349 418 1475 459 cadit.
1526 417 1616 460 Nos
1647 418 1767 460 aufu-

240 489 392 543 gimus.
454 486 519 527 Eo
549 488 676 541 pacto
707 486 779 541 qui
808 485 1051 539 metuebat,
1084 500 1139 527 ne
1171 485 1287 526 ovis¹
1322 485 1562 540 amitteret,
1599 485 1767 527 furcam

239 554 435 609 perdidit.
482 553 691 595 Fabulam
721 552 996 595 existimas2‘?
1026 567 1093 594 res
1123 567 1225 595 vera
1255 554 1332 594 est.
1394 551 1455 593 At
1485 553 1614 594 etiam
1643 552 1767 607 plura

240 622 401 675 erants‘,
442 635 549 675 quae
589 621 640 662 de
679 636 728 663 ea
758 621 837 666 re⁴¹¹
859 621 1102 676 scriberem,
1148 620 1233 662 nisi
1274 620 1361 661 iam
1405 635 1473 661 me
1512 620 1691 662 nuntius
1720 620 1767 661 in

238 690 437 730 balneum
469 690 714 730 arcesseret.
761 688 884 743 Vale,
915 689 975 730 mi
1004 688 1211 744 magister
1241 687 1499 742 dulcissime,
1538 687 1664 729 homo
1692 687 1766 729 ho-

238 757 479 798 nestissime
510 758 553 797 et
583 756 813 810 rarissime,
860 757 1048 798 suavitas
1079 758 1122 798 et
1153 756 1310 798 caritas
1350 757 1393 797 et
1429 755 1626 810 voluptas
1655 770 1763 797 mea.

712 891 859 935 XIII.
904 892 1135 946 Magistro
1165 892 1282 935 Meo.

351 982 501 1024 Gratia
530 983 670 1023 minor
714 971 873 1024 effici’css
918 983 1030 1037 quod
1061 982 1212 1024 Gratia
1241 982 1378 1023 maior
1406 982 1532 1036 facit,
1571 982 1644 1024 ut6
1685 982 1778 1024 sol-'

236 1051 501 1093 licitudinem
532 1052 724 1091 nostram
761 1050 829 1091 vel
866 1050 1042 1091 interim
1071 1050 1240 1091 minuat
1270 1049 1338 1091 vel
1367 1049 1454 1090 iam
1484 1050 1658 1091 omnino
1695 1050 1764 1091 de-

236 1121 405 1174 tergeat
429 1118 474 1172 17.
543 1117 639 1173 Ego
669 1117 749 1158 tibi
780 1117 830 1158 de
860 1119 1046 1172 patrono
1076 1131 1170 1158 meo
1200 1116 1258 1157 M.
1292 1116 1442 1158 Porcio
1473 1117 1636 1172 gratias
1667 1131 1763 1172 ago,

237 1175 348 1241 qnod
379 1201 475 1227 eum
507 1185 654 1226 crebro
692 1184 875 1226 lectitas.
937 1184 1002 1226 Tu
1038 1184 1145 1226 mihi
1184 1185 1234 1225 de
1274 1183 1320 1226 O.
1362 1183 1512 1239 Crispo
1549 1175 1679 1226 timeo
1717 1187 1766 1226 ut

237 1268 438 1309 umquam
469 1252 632 1308 gratias
664 1266 791 1307 agere
821 1252 979 1307 possis3
1010 1267 1112 1293 nam
1149 1252 1225 1293 uni
1261 1252 1320 1293 M.
1359 1251 1512 1294 Porcio
1548 1267 1616 1294 me
1651 1253 1765 1294 dedi-

238 1322 330 1363 cavi
360 1323 487 1376 atque
518 1320 723 1375 despondi
754 1322 881 1374 atque
911 1319 1118 1375 delegavi.
1160 1319 1255 1361 Hoc
1285 1319 1416 1361 etiam
1445 1320 1587 1375 ipsum
1616 1328 1766 1372 atque

237 1389 349 1430 unde
386 1388 545 1444 putas?
590 1402 641 1429 ex
678 1388 772 1441 ipso
809 1387 953 1429 furore
963 1387 993 1428 ⁸.
1054 1386 1321 1429 Perendinus
1367 1388 1455 1429 dies
1492 1402 1612 1429 meus
1650 1387 1765 1429 dies⁹

237 1456 374 1497 festus
405 1456 500 1510 erit,
534 1455 569 1496 si
602 1457 716 1496 certe
746 1456 795 1495 tu
823 1455 958 1496 venis.

350 1522 471 1577 Vale,
505 1522 759 1564 amicissime
790 1524 833 1563 et
862 1523 1077 1564 rarissime
1107 1522 1246 1577 homo,
1280 1523 1521 1564 dulcissime
1542 1523 1762 1578 magister.

237 1591 316 1632 Die
347 1593 520 1632 senatus
551 1590 720 1631 huius¹0
752 1591 890 1645 magis
921 1590 991 1630 hic
1020 1589 1155 1631 futuri
1177 1605 1305 1645 quam
1330 1591 1471 1632 illuc¹¹
1507 1591 1676 1632 venturi
1705 1592 1764 1632 vi-

237 1659 396 1699 demur.
459 1657 540 1700 Sed
570 1660 797 1713 utrumque
834 1658 882 1698 in
913 1657 1113 1713 ambiguo
1153 1660 1230 1699 est.
1291 1658 1356 1699 Tu
1399 1659 1523 1700 modo
1561 1659 1763 1713 perendie

237 1726 334 1767 veni
365 1728 407 1766 et
436 1725 514 1766 fiat
543 1725 654 1780 quod
683 1725 784 1767 volt.
824 1724 999 1780 Semper
1028 1725 1088 1766 mi
1118 1725 1226 1780 vale,
1260 1726 1427 1767 animus
1454 1734 1596 1780 meus3
1626 1727 1765 1767 mater

235 1808 330 1834 mea
359 1795 404 1834 te
433 1796 613 1847 tuosque
645 1793 817 1834 salutat.

700 1917 831 1960 XIV.
875 1917 1107 1972 Magistro
1139 1915 1234 1961 Suo
1252 1919 1297 1960 ¹².

350 2006 416 2049 Tu
447 2021 543 2049 cum
573 2007 665 2049 sine
694 2021 762 2048 me
793 2022 851 2062 es,
878 2007 1084 2050 Catonem
1113 2007 1240 2063 legis:
1264 2010 1309 2050 at
1333 2023 1426 2064 ego,
1459 2023 1587 2063 quom
1608 2009 1700 2051 sine
1720 2011 1764 2051 te

353 2146 370 2176 1
395 2143 454 2177 Ita
479 2141 612 2177 Codex.

350 2203 370 2233 2
397 2197 484 2233 Co'd.
511 2210 566 2243 pr.
593 2210 640 2233 111.
669 2202 850 2233 eoez'stimat.

351 2260 371 2290 3
397 2254 494 2289 Olim
516 2255 593 2289 tres
615 2254 763 2289 litterae
789 2266 928 2290 erasae.

352 2315 374 2345 4
400 2310 487 2345 Cod.
513 2323 569 2356 pr.
596 2322 643 2345 m.
670 2324 749 2346 rem.

350 2371 370 2402 5
396 2366 502 2402 Cod.:
528 2371 656 2402 minore
678 2370 773 2411 feeit.
815 2367 950 2403 Maius:
975 2372 1084 2404 maior
1104 2371 1202 2412 fecit.

350 2427 370 2458 6
396 2422 535 2458 Codex:
561 2431 605 2460 et.
654 2423 709 2458 De
733 2423 803 2458 hoc
826 2424 908 2459 loco
931 2425 986 2459 ita
1009 2425 1273 2460 Buttmannus:
1309 2425 1390 2471 Ego
1424 2429 1575 2462 Gratiam
1605 2431 1762 2471 maior-em

237 2481 345 2515 deam
368 2479 546 2524 intelligo.
590 2478 695 2521 Quod
718 2479 811 2515 haec
834 2480 925 2516 facit
947 2480 985 2515 in
1008 2482 1156 2524 mundo,
1180 2481 1279 2516 idem
1302 2481 1368 2517 illa
1389 2482 1510 2518 minor
1534 2486 1639 2527 efficit
1662 2483 1763 2518 domi

237 2536 413 2572 Caesaris
464 2535 600 2571 Orellio
630 2536 724 2571 haec
752 2537 848 2572 ratio
880 2537 1061 2582 displicet.
1114 2537 1295 2582 Equidem
1325 2539 1466 2582 ἑπέχω;
1503 2539 1631 2575 malim
1661 2541 1761 2575 certe

238 2605 319 2627 cum
342 2593 568 2627 Buttmanno
594 2595 728 2636 efficiet.
908 2600 910 2602 ’

349 2653 367 2683 7
393 2648 527 2693 Incipit
552 2647 639 2683 Cod.
665 2649 834 2684 Ambros.
861 2662 896 2695 p.
918 2653 982 2686 105
1007 2662 1089 2686 cum
1113 2651 1367 2696 inscriptione:
1393 2651 1608 2687 EPISTUL.
1626 2652 1692 2687 AD
1709 2653 1757 2687 M.

349 2709 369 2739 8
394 2705 452 2739 Ita
477 2704 611 2740 Codex.
1562 2704 1564 2708 ’

350 2765 369 2795 9
395 2761 474 2795 Om.
501 2761 630 2796 Maius.

329 2822 370 2851 10
394 2817 465 2851 Pro
490 2820 586 2852 huius
610 2817 765 2853 Orellius
791 2818 1005 2856 dubitanter
1030 2820 1194 2856 coniicit:
1221 2824 1349 2857 Idibus.

327 2874 366 2906 11
394 2873 451 2907 Ita
476 2872 616 2916 Codex;
640 2885 838 2919 perperam
860 2876 988 2912 Maius.

328 2931 369 2962 12
393 2928 451 2963 Ita
476 2927 599 2963 Codex
621 2930 730 2964 valde
753 2932 957 2977 perspicue.
