1968 3158
333 162 398 199 AD
423 161 594 198 VERUM
619 160 779 197 IMPER.
807 160 1060 197 AURELIUM
1084 159 1342 198 CAESAREM
1365 159 1511 196 LIBER
1534 159 1580 194 11.
1646 158 1722 202 127

189 275 340 334 s(tros)
366 309 375 319 .
402 309 411 319 .
443 276 511 319 vel
542 276 653 332 quod
675 275 909 318 Sohaemo¹
945 275 1087 331 potius
1118 290 1245 331 quam
1271 274 1511 331 Vologaeso
1541 288 1725 330 regnum

188 344 421 388 Armeniae
466 344 698 399 dedisset²;
750 346 826 387 aut
870 343 981 400 quod
1027 343 1237 386 Pacorum
1279 357 1414 400 regno
1466 342 1724 399 privasset³;

187 426 334 456 nonne
355 413 565 475 ⁸oratione
601 412 840 456 huiusmodi
879 411 1178 468 explicarent?
1244 411 1303 454 Et
1339 411 1492 454 dedere
1529 425 1634 453 num
1668 443 1676 452 .
1713 443 1722 453 .

187 481 352 524 minore
386 515 394 524 .
431 515 439 524 .
471 481 584 524 bello
620 481 668 524 in
701 514 709 523 .
745 513 753 523 .
786 480 838 522 de
868 493 914 522 re
948 513 956 522 .
993 513 1001 522 .
1034 494 1209 535 operam
1247 481 1471 536 gestantes
1505 513 1513 522 .
1550 513 1558 521 .
1592 478 1723 522 scrib-

188 550 259 592 tae
292 582 479 591 .....
516 549 549 603 {⁴
581 548 802 592 Summum
832 547 1102 603 eloquentiae
1133 562 1270 604 genus
1292 550 1357 590 est
1387 548 1438 590 de
1469 546 1723 590 sublimibus

186 617 439 674 magnifice,
479 617 530 660 de
567 616 835 660 tenuioribus
871 615 1101 670 frugaliter
1131 615 1272 659 dicere
1307 648 1720 658 ..........

190 718 422 728 ......
458 683 1719 740 1⁵......solitatim................

189 752 225 808 1⁶
257 786 267 795 .
302 764 314 795 .’
346 786 355 795 .
389 767 471 809 ego
500 752 582 796 hac
611 767 657 795 re
691 785 699 794 .
732 752 775 794 vi
807 766 904 794 cum
938 785 946 794 .
983 785 990 793 .
1025 752 1099 794 ubi
1132 766 1281 794 ..-eos
1313 754 1722 808 aput..rum..a

187 820 282 870 belo
315 855 323 863 .
359 854 368 863 .
402 821 518 863 vis.o
549 854 557 863 .
591 854 599 863 .
637 834 776 876 neque
806 820 939 863 officii
969 819 1092 862 obses
1125 853 1133 862 .
1164 834 1293 875 quam
1331 819 1631 875 philosopham
1665 853 1673 862 .
1709 852 1718 861 .

184 888 379 932 concioni
408 891 531 944 potes
560 889 608 931 in
637 889 721 931 isto
751 902 832 944 que
867 922 874 930 .
913 921 920 930 .
955 887 1083 930 altius
1114 902 1201 930 11011
1236 921 1243 929 .
1281 921 1288 930 .
1332 902 1406 930 cae
1439 920 1450 930 .
1486 921 1494 930 .
1527 887 1629 930 here
1663 920 1671 929 .
1708 921 1718 929 .

184 955 291 1000 nihil
327 990 336 999 .
372 990 381 999 .
414 959 490 999 ent
522 990 530 999 .
567 990 576 999 .
607 959 774 1000 coercet
807 989 815 999 .
851 989 859 998 .
894 955 1065 1011 quidem
1098 989 1106 997 .
1143 989 1151 997 .
1184 956 1367 1011 sumpsit
1397 970 1442 998 se
1476 989 1484 997 .
1521 989 1528 997 .
1562 955 1717 998 valeat.

184 1023 301 1068 Hinc
330 1039 439 1081 quae
470 1059 478 1067 .
505 1059 513 1067 .
547 1025 741 1068 minusve
772 1058 781 1068 .
819 1058 827 1067 .
860 1026 909 1067 ut
939 1023 1152 1080 principio
1181 1024 1514 1078 increpandum3
1545 1026 1594 1065 ut
1623 1027 1721 1079 post

184 1093 399 1150 principia
436 1108 484 1136 or
524 1127 532 1136 .
569 1127 578 1136 .
612 1094 770 1136 candos
804 1092 1005 1147 *candos
1042 1092 1116 1134 ubi
1154 1092 1314 1148 gradus
1356 1125 1364 1134 .
1400 1125 1408 1134 .
1449 1092 1522 1134 ubi
1552 1106 1632 1148 gra
1665 1125 1672 1133 .
1708 1124 1719 1135 .

184 1160 365 1204 habenis
396 1161 641 1218 eloquentia
670 1176 748 1218 per
781 1195 788 1204 .
815 1195 824 1204 .
857 1161 972 1203 dum.
1015 1160 1195 1211 Quando
1226 1194 1235 1203 .
1269 1194 1277 1202 .
1311 1159 1458 1203 Etiam
1478 1158 1718 1215 Viriathus,

184 1229 316 1271 etiam
336 1229 569 1286 Spartacus
601 1230 702 1272 belli
731 1230 923 1273 scientes
949 1231 992 1288 et
1020 1244 1152 1271 manu
1181 1229 1371 1285 prompti
1395 1228 1585 1271 fuerunt.
1638 1227 1721 1271 Sed

184 1298 299 1342 enim
327 1312 476 1341 omnes
505 1299 725 1342 universos
755 1298 1010 1355 quicumque
1041 1299 1139 1353 post
1168 1296 1351 1340 Romam
1381 1297 1599 1340 conditam
1629 1311 1720 1339 ora-

182 1367 296 1409 tores
327 1366 584 1421 extiterunt,
616 1366 713 1409 illos
743 1367 896 1424 etiam,
933 1380 1038 1423 quos
1068 1366 1115 1408 in
1145 1367 1312 1408 oratore
1343 1365 1491 1409 Cicero
1523 1366 1720 1422 eloquen-

181 1434 270 1476 tiae
301 1434 501 1477 civitate⁷
531 1430 749 1491 gregatim
769 1434 959 1490 donavit,
992 1434 1028 1477 si
1058 1448 1284 1477 numerare
1304 1434 1424 1489 velis,
1457 1433 1528 1476 vix
1555 1435 1719 1476 trecen-

181 1503 324 1544 torum
353 1516 578 1545 numerum
611 1503 851 1559 conplebis3
889 1517 1018 1558 quom
1032 1503 1048 1530 8
1086 1517 1138 1545 ex
1175 1517 1262 1545 una
1293 1502 1523 1544 Fabiorum
1551 1501 1720 1543 familia

182 1570 366 1612 trecenti
395 1570 554 1613 milites
582 1570 807 1614 fortissimi
838 1585 915 1626 pro
945 1571 1087 1627 patria
1115 1571 1371 1614 dimicantes
1399 1584 1486 1613 uno
1508 1570 1575 1612 die
1596 1583 1719 1612 occu-

182 1638 394 1681 buerintss.
446 1637 573 1681 N0n⁹
603 1639 800 1694 gentium
829 1639 948 1681 milia
972 1672 980 1681 .
1007 1673 1015 1681 .
1040 1639 1118 1682 sub
1146 1639 1329 1695 pellibus
1354 1672 1362 1681 .
1390 1672 1399 1681 .
1422 1653 1556 1681 unum
1587 1638 1719 1680 etiam

296 1798 320 1822 a
346 1788 389 1821 ln
415 1790 585 1831 maryn’ne:
610 1786 664 1822 Ex
688 1798 762 1823 una
786 1807 829 1812 —-
855 1798 926 1822 uno
951 1786 1010 1823 die
1036 1786 1299 1823 occubuerunt.

297 1917 314 1948 1
339 1911 565 1949 Niebuhrius
590 1913 759 1948 conferre
782 1911 887 1948 iubet
911 1912 1060 1948 Eckhel.
1088 1911 1167 1948 VII.
1194 1916 1249 1948 91.

295 1973 316 2005 2
342 1968 395 2005 cf.
422 1967 614 2005 Iamblich.
647 1980 707 2015 ap.
734 1969 909 2005 Photium
933 1969 1014 2005 cod.
1041 1972 1103 2013 94,
1133 1980 1202 2004 nec
1226 1978 1302 2004 non
1331 1967 1463 2004 Suidas
1487 1980 1521 2004 v.
1549 1969 1718 2013 Μάρτιος

182 2029 314 2072 Βῆροε.
361 2029 491 2063 Maius.

295 2087 315 2119 3
339 2082 498 2119 Videtur
513 2081 686 2118 Aurelius
703 2082 765 2118 ine
781 2083 945 2119 Pacorus
969 2094 1034 2118 rex
1057 2081 1258 2118 Armeniae
1283 2093 1461 2128 magnae,
1493 2093 1576 2118 cum
1599 2082 1717 2118 fratre

179 2139 362 2176 Meridate
388 2132 529 2175 deinde
545 2138 687 2175 Romae
711 2140 872 2184 mortuo,
900 2139 1002 2175 cuius
1026 2139 1308 2186 inscriptionem
1333 2139 1591 2185 gruterianam
1617 2143 1715 2175 1091.

183 2200 225 2232 10
249 2196 379 2232 citavit
402 2195 643 2239 Niebuhrius3
681 2195 769 2240 quia
801 2195 942 2232 scilicet
972 2196 1113 2232 Aurelii
1142 2207 1280 2232 nomen
1312 2196 1404 2232 satis
1433 2195 1576 2231 indicat
1604 2195 1717 2230 fuisse

180 2264 265 2290 eum
290 2253 460 2289 divorum
483 2252 656 2288 Fratrum
682 2252 870 2289 clientem:
898 2264 920 2289 a
943 2253 1077 2299 quibus
1093 2252 1273 2289 Armenia
1290 2264 1373 2288 cum
1394 2253 1513 2288 fratre
1539 2251 1716 2288 excedere

179 2310 395 2355 Romaeque
425 2309 549 2345 vivere
581 2310 730 2345 coactus
759 2309 873 2345 fuisse
903 2309 1061 2346 videtur.
1113 2309 1187 2346 Sed
1223 2309 1323 2346 enim
1353 2310 1392 2346 et
1422 2309 1586 2344 Pacorus
1610 2308 1716 2344 Lazis

102 2374 106 2379 ’
180 2377 244 2401 rex
269 2366 379 2402 datus
404 2377 427 2401 a
450 2365 517 2401 Pio
542 2367 772 2402 memoratur
796 2366 898 2412 apud.
922 2365 1120 2413 Capitolin.
1149 2378 1180 2402 c.-
1205 2370 1251 2402 9.-
1289 2369 1415 2402 Maius.

294 2426 316 2457 4
341 2419 516 2466 Sequitur
533 2421 622 2458 Ood.
641 2422 811 2458 Ambros.
831 2435 867 2469 p.
886 2427 965 2467 407,
990 2423 1029 2459 111
1055 2435 1129 2468 qua
1153 2423 1246 2459 haec
1262 2423 1343 2459 sola
1367 2422 1554 2459 sententia
1578 2422 1716 2467 legitur

179 2478 218 2514 111
242 2478 422 2524 margine,
447 2477 562 2513 ducta
585 2489 604 2514 e
630 2478 703 2514 Cic.
731 2478 833 2515 Orat.
861 2484 916 2516 29.

293 2539 315 2572 5
340 2534 515 2580 Sequitur
532 2533 620 2570 Cod.
640 2535 812 2571 Ambros.
833 2547 869 2581 p.
887 2539 971 2580 406,
998 2536 1168 2580 evanida,
1194 2536 1345 2581 praeter
1367 2535 1514 2572 unicam
1531 2546 1661 2571 vocem
1676 2535 1715 2570 111

179 2602 360 2638 margine.
1420 2628 1423 2631 .

294 2652 315 2684 6
340 2647 515 2692 Sequitur
539 2647 628 2683 eod.
655 2647 827 2684 Ambros.
853 2661 889 2695 p.
913 2653 998 2693 405,
1023 2649 1124 2685 cuius
1150 2650 1310 2686 alteram
1334 2649 1562 2685 columnam:
1602 2651 1715 2684 Etiam

186 2708 362 2740 Viriathus
386 2704 555 2740 conferre
578 2703 693 2740 licuit.
1093 2706 1095 2708 ’

295 2765 314 2797 7
340 2760 395 2798 Of.
420 2760 537 2797 Attici
559 2761 677 2796 verba
700 2760 738 2796 in
762 2761 866 2797 Brut.
893 2765 948 2798 69.
1001 2765 1234 2808 Heindorfius.

293 2821 315 2854 8
341 2817 482 2854 Codex:
510 2821 610 2864 quod.
668 2847 670 2849 ,

293 2878 314 2909 9
339 2873 490 2920 Septem
516 2874 636 2909 ultimi
661 2885 787 2910 versus
814 2876 976 2922 fugaces.
