1968 3158
250 166 304 208 53
530 163 577 198 Μ.
599 162 824 197 CORNELII
849 160 1125 197 FRONTONIS
1151 161 1493 198 EPISTULARUM

531 331 722 373 LIBRI
760 331 870 373 IIII
907 331 997 373 AD
1035 331 1495 375 M.'CAESAREM

916 432 1101 468 INDEX.

250 513 428 555 Quoniam
455 513 529 547 scio
556 512 694 557 quanto
721 523 832 558 opere
853 513 902 547 sis
928 525 988 548 an·
1028 513 1197 548 Tandem
1219 513 1437 548 tabellarius
1461 514 1714 559 proficiscitur.

292 570 381 604 xius.
1027 569 1237 605 Adventum
1261 571 1366 604 tuum
1389 570 1479 604 mihi
1503 571 1628 606 frater.

249 628 480 669 Quamquam
505 625 553 660 ad
577 626 614 660 te
640 637 720 660 cras
744 626 864 662 venio.
1027 627 1129 661 Haec
1153 638 1212 662 me
1236 626 1273 661 in
1298 627 1522 672 praesentia.

249 682 421 717 Omnium
445 681 591 725 artium,
616 683 657 716 ut
683 693 753 728 ego
780 684 954 719 arbitror.
1027 682 1247 718 Volentibus
1274 683 1329 718 dis
1355 695 1458 729 spem
1484 684 1629 719 salutis.'

247 739 450 782 Postquam
473 738 683 773 vehiculum
705 738 883 775 inscendi.
1027 739 1078 774 Ut
1103 751 1184 784 ego,
1210 739 1260 774 dii
1284 740 1383 784 boni,
1410 741 1680 776 consternatus.

246 795 322 829 Nos
347 795 522 829 valemus.
561 795 641 840 Ego
666 795 776 835 hodie
802 796 849 831 ab
870 796 973 831 hora.
1028 795 1066 831 C.
1084 796 1250 831 Aufidius
1275 797 1418 832 animos
1442 797 1567 833 tollit.¹

246 852 322 886 Nos
347 851 524 887 valemus.
562 851 642 897 Ego
669 851 912 897 aliquantum.

244 1165 247 1168 ,
535 1101 626 1157 (M.
659 1104 1022 1159 CORNELII
1060 1105 1486 1159 FRONTONIS

278 1197 727 1266 EPISTULARUM
763 1219 850 1266 AD
887 1219 951 1267 M.
981 1218 1319 1266 CAESAREM
1354 1220 1434 1266 ET
1471 1220 1740 1268 INVICEM

788 1330 822 1372 L
842 1330 863 1371 I
884 1329 920 1371 B
941 1330 978 1372 E
1000 1329 1039 1372 R
1088 1330 1232 1387 1111.)

731 1478 773 1520 I.
819 1478 1020 1534 (Fronto
1054 1478 1284 1533 Caesari).

359 1565 584 1626 [Quoniam
615 1569 702 1611 scio
732 1571 893 1624 quanto
924 1584 1050 1624 opere
1082 1570 1139 1611 sis
1171 1569 1338 1627 anxius]
1375 1603 1734 1613 ...........
1754 1572 1772 1597 2

243 1640 285 1679 et
317 1637 535 1679 columbae
568 1652 664 1679 cum
692 1637 805 1693 lupis
845 1639 887 1679 et
918 1637 1069 1692 aquilis
1102 1639 1352 1679 cantantem
1391 1638 1680 1693 sequebantur
1708 1640 1772 1682 in-

241 1720 448 1759 memores
477 1705 732 1747 insidiarum
769 1707 810 1747 et
848 1705 1087 1761 unguium3
1124 1708 1167 1747 et
1204 1705 1409 1747 dentium.
1471 1705 1587 1755 Quae
1624 1707 1772 1749 fabula

241 1776 355 1816 recte
385 1774 799 1829 interpraetantibus
829 1774 935 1815 illud
964 1774 1158 1829 profecto
1190 1773 1409 1831 significat
1437 1774 1570 1816 fuisse
1596 1776 1771 1831 egregio

241 1843 416 1898 ingenio
455 1842 692 1897 eximiaque
738 1842 980 1897 eloquentia
1010 1842 1161 1897 virum,
1209 1842 1281 1897 qui
1320 1842 1526 1897 plurimos
1563 1842 1771 1885 virtutum

243 1925 414 1953 suarum
443 1910 753 1965 facundiaeque
782 1910 1063 1951 admiratione
1094 1910 1377 1965 devincxerit3
1410 1925 1589 1965 eumque
1613 1911 1771 1953 amic-os

243 1994 291 2020 ac
323 1980 553 2020 sectatores
584 1992 680 2019 suos
712 1978 773 2019 ita
803 1978 1056 2033 instituisse,
1097 1980 1146 2019 ut
1184 1993 1442 2033 quamquam
1479 1978 1655 2020 diversis
1694 1994 1769 2021 na-

241 2047 433 2088 tionibus
462 2060 676 2088 convenae
705 2046 834 2088 variis
856 2046 1043 2087 moribus
1067 2046 1222 2100 inbuti,
1258 2046 1593 2087 concordarenta
1623 2049 1770 2088 tamen

243 2118 285 2156 et
324 2116 652 2156 consuescerent
694 2116 737 2156 et
781 2115 1171 2169 congregarentur,
1223 2114 1349 2155 mites
1396 2128 1492 2155 cum
1540 2114 1767 2168 ferocibus,

240 2183 398 2238 placidi
430 2197 526 2224 cum
554 2182 774 2237 violentis,
814 2196 941 2238 quom
971 2181 1164 2237 superbis
1194 2181 1416 2236 moderati,
1458 2196 1553 2223 cum
1593 2182 1769 2223 crudeli-

240 2251 319 2293 bus
357 2251 516 2292 timidi:
562 2265 709 2293 omnes
756 2239 934 2293 deinde4
980 2249 1189 2305 paulatim
1234 2249 1339 2291 vitia
1376 2249 1508 2291 insita
1547 2252 1765 2304 exuerent,

354 2399 376 2423 a
400 2391 444 2422 In
467 2391 616 2432 maryc‘ne
639 2400 783 2422 summae
804 2399 886 2432 pay.
912 2399 1002 2432 seq.:
1044 2385 1212 2431 Orpheus
1244 2396 1426 2422 convenas
1463 2385 1572 2422 variis
1603 2385 1767 2422 moribus

240 2442 389 2480 inbutos
417 2444 640 2481 concordare
664 2443 762 2479 fecit.

355 2596 371 2626 1
399 2592 572 2637 Sequitur
601 2592 640 2626 in
670 2591 810 2637 pagina
843 2592 1005 2637 spatimn
1034 2602 1207 2635 vacuum,
1247 2590 1345 2626 unde
1382 2590 1526 2626 constat
1561 2591 1768 2635 perfectum

242 2659 319 2683 csse
345 2648 506 2684 indicem
531 2648 775 2694 epistularum
799 2647 907 2683 huius
931 2648 1027 2683 libri.

353 2709 372 2738 2
397 2704 666 2740 Desiderantur
694 2705 855 2750 paginae
887 2705 992 2741 duae.
1041 2704 1176 2750 Incipit
1201 2704 1288 2740 Cod.
1314 2703 1482 2740 Vatican.
1509 2715 1544 2749 p.
1561 2707 1638 2748 228,
1668 2703 1767 2740 lectu

242 2760 409 2795 difficilis.

354 2822 374 2851 3
400 2815 537 2852 Codex:
564 2822 748 2862 anquirunt,
775 2818 841 2854 sed
864 2833 884 2853 r
907 2818 1054 2854 videtur
1079 2818 1273 2864 expuncta.

354 2876 375 2908 4
400 2871 486 2908 Cod.
513 2885 568 2919 pr.
595 2885 642 2908 m.
670 2877 759 2910 dein.
