1968 3158
236 158 316 199 162
511 156 558 191 M.
579 154 806 191 CORNELII
830 154 1106 191 FRoNToNIS
1130 153 1474 192 EPISTULARUM

234 271 450 313 Commodi
484 272 558 311 aut
587 269 686 311 Pii?
726 268 897 310 Polluta
929 271 971 310 et
1002 261 1296 327 contaminata
1327 271 1370 310 et
1399 270 1517 311 varia
1547 272 1590 312 et
1618 285 1759 313 macu-

233 339 323 380 IOsa
352 338 740 393 maculosioraque¹
775 352 903 392 quam
933 337 1112 379 nutricis
1143 337 1406 393 pallium2a‘?

346 407 475 448 Omni
514 421 636 462 ergo,
677 410 732 447 mi
769 405 953 456 Marcess,
998 420 1148 460 opera,
1197 405 1232 447 si
1270 406 1405 460 possit
1433 410 1534 458 fieri,
1566 406 1760 462 linguam

235 473 566 531 [eommunem4]
607 474 782 515 reddas:
831 474 1009 515 verbum
1048 474 1218 529 aliquod
1256 474 1454 528 adquiras
1494 487 1583 515 11011
1613 476 1762 516 fictum

232 558 257 583 a
286 545 349 597 te,
383 558 485 584 nam
522 542 565 583 id
600 542 770 597 quidem
809 542 1040 583 absurdum
1070 543 1156 595 est,
1199 542 1271 583 sed
1301 543 1555 596 usurpassum
1588 542 1759 584 concin-

231 611 328 651 nius
367 613 440 652 aut
480 610 786 665 congruentius
818 612 892 651 aut
923 610 1241 652 commodatius.
1307 612 1479 652 Tantum
1511 614 1762 661 antiquitatis

229 692 430 729 curaeque
460 692 542 730 pro
583 681 729 720 Italica
756 685 875 729 yeme
904 681 1120 720 maioribus
1145 680 1250 728 fuit:
1283 677 1538 720 Sallustius⁵
1568 678 1644 719 ait.

345 746 632 801 Antiquitatis
670 745 846 787 verbum
883 746 1110 801 usitatum,
1153 746 1226 788 sed
1262 751 1472 800 nusquam
1514 743 1592 803 [eo]
1633 760 1760 787 sensu

230 817 484 869 usurpatum
517 812 684 871 [neque]
718 814 850 868 probe
882 814 1106 855 adsci‘num.
1148 813 1262 855 Nam
1293 813 1417 868 volgo
1447 813 1616 868 dicitur,
1649 813 1760 869 quod

231 883 373 937 potius
405 883 473 936 sit,
509 882 726 937 anbiquius
758 896 862 924 esse.
914 882 1048 924 Inde⁶
1078 882 1172 936 ipsa
1203 881 1405 924 Sallustio
1441 881 1644 923 derivata.
1702 881 1761 922 Et

230 950 475 1006 quoniamw
507 950 676 992 minus⁸
708 984 715 991 .
743 984 750 991 .
785 953 827 991 et
857 951 998 991 minus
1030 952 1095 992 est
1125 950 1302 992 verbum
1330 982 1338 990 .
1365 982 1373 990 .
1415 949 1610 1003 sequenti
1632 949 1759 990 verbo

232 1017 468 1076 [seestaizus.
530 1018 818 1073 Anlziqui'cabis
859 1018 944 1073 [eos
976 1017 1123 1076 aeque]
1163 1017 1245 1059 hoc
1274 1017 1399 1058 modo
1433 1050 1440 1057 .
1477 1049 1485 1057 .
1519 1016 1759 1071 municipes

229 1087 477 1127 sacrorumb
511 1119 519 1127 .
558 1120 565 1127 .
601 1084 753 1143 [aetus]
790 1120 797 1127 .
834 1119 842 1127 .
904 1085 1014 1135 Quid
1055 1120 1062 1127 .
1099 1119 1107 1126 .
1142 1100 1258 1127 arem
1298 1118 1306 1126 .
1347 1084 1441 1126 vale
1475 1117 1482 1125 .
1519 1117 1527 1125 .
1559 1083 1759 1139 poculum

240 1147 243 1151 ’
275 1188 283 1195 .
318 1154 370 1195 ad
401 1153 482 1195 hoc
513 1155 620 1206 mire
653 1187 660 1195 .
698 1187 705 1195 .
739 1153 819 1195 hoc
849 1168 986 1209 genus
1016 1154 1242 1195 verborum
1272 1153 1456 1194 Accius9
1486 1151 1664 1193 Plautus
1695 1166 1758 1193 sa-

228 1237 309 1264 nus
334 1256 341 1263 .
369 1256 376 1263 .
407 1236 584 1263 numero
614 1236 699 1263 uno
722 1255 731 1263 .
758 1255 765 1262 .
791 1221 888 1263 dere
910 1237 999 1263 rem
1024 1255 1031 1263 .
1059 1255 1067 1263 .
1090 1221 1130 1262 le
1161 1236 1265 1273 quae
1296 1236 1400 1262 reno
1424 1254 1431 1261 .
1458 1254 1467 1262 .
1491 1220 1542 1261 de
1573 1220 1613 1261 vi
1644 1234 1690 1261 re
1714 1253 1722 1260 .
1748 1253 1755 1260 .

681 1304 783 1353 Leqz'
811 1305 1037 1343 Emendavi
1064 1305 1136 1353 qui
1162 1314 1301 1353 supra.

780 1380 838 1422 M.
870 1379 1203 1422 FRONTONIS

435 1459 515 1500 AD
551 1459 608 1501 M.
641 1459 1001 1502 ANTONINUM
1031 1459 1110 1501 DE
1142 1456 1552 1501 ORATIONIBUS.

718 1543 775 1581 M.
819 1543 854 1580 F
871 1543 908 1580 R
926 1541 961 1580 Ο
978 1542 1017 1580 N
1034 1542 1071 1579 T
1091 1541 1125 1580 O
1142 1542 1182 1580 N
1197 1541 1219 1580 I
1236 1541 1264 1580 S

578 1605 845 1641 EPISTULAE
870 1606 936 1640 AD
961 1605 1255 1641 ANTONINUM
1281 1604 1409 1639 PIUM.
1467 1606 1471 1609 ’

341 1766 363 1789 a
391 1757 432 1788 In
457 1758 623 1799 margine:
656 1753 880 1789 Maculosior
906 1765 1019 1798 quam
1043 1753 1195 1789 nutricis
1220 1752 1385 1797 pallium.

338 1811 362 1845 b
391 1814 432 1845 ln
456 1815 622 1856 margine:
647 1811 837 1856 Municeps
861 1821 1059 1846 sacrorum.

342 1950 358 1980 1
386 1946 473 1981 Cod.
501 1959 556 1992 pr.
582 1959 630 1982 m.
657 1951 986 1993 maculosioremque,
1011 1946 1075 1982 sed
1101 1947 1308 1981 correctum
1331 1945 1489 1981 videtur.

339 2007 359 2038 2
383 2003 502 2038 Plaut.
529 2004 661 2038 Bacch.
687 2005 749 2038 ΠΙ.
776 2009 806 2040 3.
834 2009 887 2040 30.

339 2065 359 2095 3
385 2059 690 2105 Supplementum
714 2060 818 2103 Maii3
845 2061 894 2094 du
917 2060 1012 2095 Rieu
1036 2061 1161 2095 tamen
1185 2060 1295 2095 vidit:
1329 2060 1444 2094 ,xET
1471 2088 1478 2094 .
1506 2088 1512 2094 .
1543 2088 1549 2094 .

338 2120 359 2150 4
385 2115 444 2150 Sic
469 2115 555 2150 dedi
580 2128 662 2150 eum
678 2116 794 2151 Maio:
820 2117 930 2151 hodie
947 2117 1040 2151 haec
1055 2116 1129 2151 tria
1144 2116 1327 2151 vocabula
1342 2126 1494 2161 prorsus
1511 2116 1751 2151 evanuerunt.

339 2178 359 2207 5
383 2172 518 2208 Hister.
545 2173 608 2207 lib.
636 2173 698 2217 VI,
723 2174 767 2208 cf.
795 2173 895 2208 Serv.
922 2172 970 2207 ad
994 2172 1098 2217 Virg.
1127 2172 1262 2217 Geor-g.
1289 2172 1334 2207 ΙΙ.
1359 2176 1436 2215 209,
1461 2172 1617 2207 notante
1641 2171 1751 2207 Maio.

226 2228 394 2264 Servium
417 2229 541 2264 locum
564 2229 743 2265 Frontoni
768 2230 905 2265 debere
930 2229 1105 2274 suspicor.

338 2290 358 2320 6
383 2286 472 2321 Post
494 2287 590 2322 hanc
613 2296 743 2321 vocem
768 2286 915 2331 legitur,
941 2286 1040 2331 quod
1056 2286 1196 2321 Maium
1212 2285 1320 2330 fugit,
1346 2285 1439 2320 IIPC
1459 2313 1465 2319 .
1487 2312 1507 2328 .‚
1532 2285 1597 2320 sed
1621 2285 1753 2330 ignoro

225 2343 314 2387 quid
337 2343 397 2378 hie
420 2343 547 2378 lateat.
596 2343 828 2378 Ecksteinius
859 2343 1004 2378 scribit:
1046 2346 1135 2378 Inde
1156 2347 1276 2388 prodit
1298 2346 1365 2377 ista
1391 2344 1551 2376 Sallustio
1576 2345 1752 2377 derivatio.

338 2404 356 2434 7
382 2400 515 2445 Incipit
540 2400 627 2435 Cod.
654 2412 689 2445 p.
718 2403 794 2443 351,
820 2411 916 2444 quae
941 2399 1103 2445 exceptis
1127 2398 1458 2445 paucissimis-legi
1482 2397 1621 2442 nequit.

340 2461 360 2492 8
386 2457 427 2490 Ι11
452 2457 691 2501 sequentibus
715 2456 857 2491 lacunis
880 2455 992 2501 periit
1014 2456 1093 2491 fere
1118 2455 1350 2491 laterculum.
1401 2457 1526 2491 Maius.

337 2517 357 2548 9
382 2514 439 2548 Ita
463 2513 582 2548 Maius
608 2516 744 2558 Accius,
770 2523 843 2548 non
870 2516 1036 2549 Maccius.
