1968 3158
773 146 1150 200 PaoIAEGoMENA.
1687 177 1735 206 ix

191 293 292 321 casu
331 278 515 334 quodam
555 295 694 335 nuper
733 280 787 322 ad
818 279 1082 322 Frontonem
1119 279 1286 322 delatus
1318 294 1457 334 eram,
1500 279 1640 322 varias
1680 280 1734 321 le-

191 347 356 390 ctiones
395 363 494 390 suas
539 348 645 391 mihi
677 348 790 391 ultro
831 348 1002 390 obtulit.
1065 348 1180 398 Quas
1213 364 1309 391 cum
1340 348 1576 404 reciperem
1606 350 1733 405 grato

191 416 357 471 animo,
411 419 460 459 ut
507 417 737 472 debebam,
785 416 913 459 simul
951 416 1171 472 pollicitus
1221 420 1286 460 est
1332 417 1377 460 in
1426 417 1614 460 editione
1662 433 1736 472 pa—

189 485 326 528 randa
363 485 544 528 consilia
583 488 626 528 et
664 499 840 541 operam
876 499 998 527 suam
1032 485 1139 527 mihi
1179 501 1267 528 non
1307 486 1573 529 defuturam:
1604 501 1735 542 quam

190 553 320 597 fidem
359 569 457 597 cum
497 555 658 597 amicus
689 553 873 596 fideliter
913 553 1109 608 solverit,
1153 554 1373 610 aliquanto
1413 555 1539 597 citius
1578 557 1622 597 et
1651 555 1735 597 for-

190 626 307 666 tasse
338 623 492 666 melius
513 637 680 679 quoque
710 622 936 678 negotium
966 623 1172 677 perficere
1202 623 1338 678 potui,
1372 639 1502 679 quam
1524 623 1559 666 si
1591 622 1637 665 in
1667 623 1736 666 iti-

190 707 293 735 nere
332 692 425 734 sine
466 691 622 734 comite
660 691 774 733 solus
817 691 993 733 relictus
1030 706 1181 733 essem.
1251 690 1409 741 Quodsi
1451 693 1587 749 igitur
1633 692 1737 734 boni

191 760 352 817 aliquid
381 775 502 803 meae
534 759 713 802 editioni
743 759 862 815 insit,
895 759 1024 802 velim
1044 759 1226 802 lectores
1247 759 1328 802 hoc
1359 761 1630 815 potissimum
1660 760 1736 802 tri-

190 830 327 872 buant
358 829 516 884 amico,
549 829 644 885 qui,
684 830 895 884 quantum
925 828 969 870 in
1009 828 1157 885 fugaci
1189 829 1403 884 scriptura
1442 829 1600 871 codicis
1632 830 1735 871 Am-

189 898 381 941 brosiani
410 898 553 953 licuit,
595 897 968 939 accuratissimum
1006 912 1051 940 se
1082 897 1129 940 111
1161 897 1422 940 conferendo
1453 898 1734 953 praestiterit.

190 966 417 1023 Equidem,
451 966 519 1009 cui
550 966 713 1022 paratis
745 965 928 1022 dapibus
959 966 1023 1008 uti
1055 968 1156 1008 ante
1189 968 1353 1008 ceteros
1383 981 1532 1008 omnes
1566 980 1738 1008 conces-

191 1051 284 1078 sum
322 1036 428 1091 fuit,
477 1035 512 1078 si
551 1035 694 1077 officio
725 1037 842 1077 recte
872 1035 1048 1077 functus
1079 1035 1279 1090 videbor,
1328 1034 1438 1077 nihil
1477 1034 1583 1076 mihi
1615 1035 1737 1077 adro—

191 1104 318 1161 gabo,
352 1105 426 1147 sed
456 1104 562 1146 satis
593 1103 774 1159 habebo,
808 1104 843 1145 si
876 1104 1238 1160 vituperationem
1268 1104 1472 1160 effugere.

306 1173 389 1216 Sed
427 1173 515 1215 iam
552 1175 724 1228 tempus
762 1175 828 1215 est
865 1172 1006 1215 dicere
1046 1174 1097 1215 de
1139 1173 1283 1216 codice
1322 1172 1546 1228 rescripto.
1609 1172 1738 1215 Liber

191 1244 258 1284 est
287 1241 527 1285 Vaticanus
557 1242 691 1296 5750,
731 1241 872 1284 forma
912 1242 1143 1298 quadrata,
1184 1241 1559 1296 membranaceus,
1603 1234 1738 1283 conti-

190 1325 299 1353 nens
329 1311 513 1353 latinam
550 1310 957 1366 interpretationem
989 1312 1199 1354 Actorum
1237 1310 1367 1366 primi
1399 1309 1581 1353 Concilii
1612 1309 1763 1353 Chal--

193 1380 445 1422 cedonensis
484 1380 557 1437 (A.
588 1380 707 1437 451).
768 1379 891 1422 Haec
922 1380 1158 1436 scriptura,
1200 1379 1316 1422 Maio
1346 1379 1507 1435 iudice,
1547 1380 1740 1435 pertinet

192 1449 282 1492 fere
320 1449 375 1490 ad
412 1449 630 1491 saeculum
664 1449 893 1491 decimum.
955 1449 1008 1491 In
1044 1449 1185 1505 prima
1223 1449 1387 1505 pagina
1424 1463 1556 1490 manu
1596 1450 1738 1490 vetere

191 1517 414 1560 scribitur:
466 1521 587 1560 Liber
619 1520 660 1560 S.
696 1521 934 1561 Columbam'
963 1523 1013 1560 de
1044 1521 1188 1561 Bobio.
1220 1543 1277 1550 —
1316 1517 1398 1559 Est
1428 1517 1574 1572 itaque
1607 1517 1738 1559 codex

192 1586 442 1642 Bobiensis,
490 1586 593 1628 olim
635 1602 737 1642 pars
776 1587 891 1628 illius
931 1587 1303 1643 splendidissimae
1341 1585 1652 1640 bibliothecae,
1686 1586 1737 1628 de

192 1670 286 1711 qua&
308 1655 528 1697 adeundus
559 1655 775 1698 Amedeus
805 1655 1041 1711 Peyronus.
1103 1655 1157 1697 In
1187 1655 1456 1711 praefatione
1488 1655 1541 1696 ad
1572 1653 1738 1697 Cicero-

190 1723 260 1766 nis
309 1723 566 1766 Orationum
603 1724 868 1780 Fragmenta
914 1724 1056 1766 locum
1110 1724 1172 1766 ita
1223 1724 1313 1766 fere
1366 1723 1592 1765 describit:
1653 1723 1738 1779 „In

195 1792 302 1851 valle
334 1807 463 1848 quam
485 1793 618 1848 Alpes
649 1793 873 1835 Penninae
906 1793 959 1834 ad
989 1793 1213 1848 Liguriam
1243 1792 1511 1848 pertinentes
1544 1792 1739 1834 efficiunt

193 1862 315 1917 quasi
355 1861 517 1903 circino
556 1861 897 1916 circumductae,
938 1863 1003 1903 est
1041 1861 1142 1903 urbs
1183 1861 1367 1903 Bobium
1405 1863 1578 1916 praeter
1618 1875 1738 1902 oram

193 1929 387 1972 Trebiae.
447 1929 568 1971 Duae
600 1929 654 1971 ad
682 1929 803 1972 illam
831 1928 980 1973 ferunt
1009 1930 1123 1985 viae3
1155 1929 1291 1972 altera
1322 1945 1346 1971 a
1378 1929 1586 1985 Viqueria
1616 1944 1740 1971 secus

195 2013 366 2040 amnem
416 1997 654 2053 Staforam,
710 1998 846 2041 altera
891 2014 915 2040 a
960 1998 1187 2041 Placentia
1240 1998 1476 2041 secundum
1520 1998 1736 2040 Trebiam.

193 2066 386 2124 Utraque
416 2067 604 2122 primum
633 2068 789 2122 patens
811 2069 854 2110 et
875 2070 1044 2123 aperta3
1076 2069 1170 2109 tum
1199 2067 1317 2109 intra
1347 2066 1538 2109 fluminis
1570 2066 1738 2108 alveum

118 2146 133 2159 ‘
192 2135 318 2178 modo
348 2135 528 2191 lubrica,
561 2136 686 2178 modo
717 2136 936 2192 glareosa3
968 2137 1068 2179 dein
1099 2136 1233 2178 ardua
1263 2150 1340 2190 per
1370 2135 1583 2177 montium
1613 2135 1737 2191 iuga3

192 2205 370 2247 tandem
401 2219 478 2260 per
509 2204 689 2247 clivosos
719 2205 916 2247 tramites
947 2219 1174 2260 praeceps3
1207 2206 1388 2260 utraque
1410 2204 1559 2260 iniqua
1591 2206 1634 2246 et
1663 2204 1738 2245 tri-

194 2272 320 2329 ginta
349 2273 485 2315 millia
515 2289 732 2329 passuum.
773 2299 828 2305 ——
865 2273 982 2316 Hinc
1020 2288 1139 2316 raros
1177 2275 1437 2315 mercatores
1469 2273 1523 2315 ad
1554 2272 1738 2319 Bobium

197 2357 447 2398 commeare,
480 2357 504 2383 a
530 2342 654 2389 „cultu
684 2343 933 2398 provinciae
960 2342 1122 2398 abesse,
1155 2342 1374 2384 neminem
1407 2344 1482 2383 aut
1512 2357 1588 2397 per
1619 2356 1738 2383 occa-

196 2407 370 2453 sionem*
391 2411 476 2453 alio
508 2411 637 2453 eundi
669 2413 744 2453 aut
779 2411 912 2454 animi
942 2411 1086 2468 gratia
1117 2411 1220 2453 illuc
1258 2411 1539 2464 contendere,
1573 2410 1747 2451 nullam·

195 2480 380 2535 praedae
410 2493 531 2534 spem
559 2480 702 2522 facere
732 2480 1038 2535 populabundo
1070 2479 1296 2534 exercitui3
1328 2481 1378 2520 ut
1408 2481 1524 2521 recte
1554 2478 1739 2520 Bobium

196 2547 314 2590 dicas
353 2547 503 2589 urbem
534 2562 559 2588 a
588 2549 681 2589 tota
719 2547 848 2590 Italia
886 2548 1079 2590 divisam.
1141 2547 1269 2590 Hanc
1307 2547 1451 2588 sedem
1482 2546 1534 2588 D.
1568 2546 1737 2589 Colum-

196 2617 349 2671 banus,
382 2616 561 2658 ineunte
593 2616 763 2658 saeculo
793 2615 892 2671 VII,
926 2616 1009 2658 sibi
1040 2616 1212 2671 suisque
1244 2614 1418 2670 delegit.
1459 2639 1516 2646 ——
1553 2615 1622 2656 Ad
1652 2615 1738 2670 pri-

196 2700 311 2727 mam
341 2684 455 2727 hanc
477 2686 664 2726 aetatem
694 2684 884 2739 pertinet
914 2679 1077 2740 primus
1099 2676 1384 2726 bibliothecae
1404 2683 1579 2738 fundus,
1615 2698 1737 2726 vene-

197 2754 333 2796 randa
369 2753 443 2795 illa
482 2753 648 2795 scilicet
690 2752 884 2794 codicum
921 2752 1144 2807 suppellex
1175 2767 1200 2793 a
1230 2751 1283 2793 D.
1317 2751 1583 2794 Oolumbano
1629 2752 1737 2794 eius—

197 2837 279 2878 que
310 2821 530 2876 discipulis
562 2821 747 2863 Bobium
785 2822 1066 2876 comportata.
1130 2819 1229 2863 Vidi
1270 2821 1316 2862 in
1348 2820 1638 2866 Ambrosiana
1675 2824 1737 2863 at-

197 2904 279 2950 que
310 2889 591 2933 Taurinensis
622 2889 754 2933 habet
783 2888 915 2935 libros
946 2889 1107 2937 latinos,
1137 2888 1361 2932 Saxonicis
1392 2889 1549 2932 litteris
1581 2889 1736 2938 descri-⁴
