<?xml version="1.0" encoding="UTF-8"?>
<!DOCTYPE html PUBLIC "-//W3C//DTD XHTML 1.0 Transitional//EN"
    "http://www.w3.org/TR/xhtml1/DTD/xhtml1-transitional.dtd">
<html xmlns="http://www.w3.org/1999/xhtml" xml:lang="en" lang="en">
 <head>
  <title>
</title>
<meta http-equiv="Content-Type" content="text/html;charset=utf-8" />
  <meta name='ocr-system' content='tesseract 3.04.00' />
  <meta name='ocr-capabilities' content='ocr_page ocr_carea ocr_par ocr_line ocrx_word'/>
</head>
<body>
  <div class='ocr_page' id='page_1' title='image "./mcorneliifronton00fronuoft_0057.png"; bbox 0 0 1968 3158; ppageno 0'>
   <div class='ocr_carea' id='block_1_1' title="bbox 482 164 1733 210">
    <p class='ocr_par' dir='ltr' id='par_1_1' title="bbox 482 164 1733 212">
     <span class='ocr_line' id='line_1_1' title="bbox 482 164 1733 210; baseline -0.003 -6"><span class='ocrx_word' id='word_1_1' title='bbox 482 168 549 204; x_wconf 84' lang='lat' dir='ltr'>AD</span> <span class='ocrx_word' id='word_1_2' title='bbox 573 167 621 204; x_wconf 93' lang='lat' dir='ltr'>M.</span> <span class='ocrx_word' id='word_1_3' title='bbox 643 166 901 204; x_wconf 77' lang='lat' dir='ltr'>CAESAREM</span> <span class='ocrx_word' id='word_1_4' title='bbox 927 166 989 203; x_wconf 81' lang='grc' dir='ltr'>ΕΤ</span> <span class='ocrx_word' id='word_1_5' title='bbox 1016 164 1220 203; x_wconf 84' lang='lat' dir='ltr'>INVICEM</span> <span class='ocrx_word' id='word_1_6' title='bbox 1244 164 1390 202; x_wconf 77' lang='lat' dir='ltr'>LIBER</span> <span class='ocrx_word' id='word_1_7' title='bbox 1414 164 1439 201; x_wconf 93' lang='grc' dir='ltr'>Ι.</span> <span class='ocrx_word' id='word_1_8' title='bbox 1683 166 1733 210; x_wconf 83' lang='lat'>17</span> 
     </span>
    </p>
   </div>
   <div class='ocr_carea' id='block_1_2' title="bbox 185 283 1765 1297">
    <p class='ocr_par' dir='ltr' id='par_1_2' title="bbox 185 283 1765 819">
     <span class='ocr_line' id='line_1_2' title="bbox 188 283 1696 341; baseline -0.001 -14"><span class='ocrx_word' id='word_1_9' title='bbox 188 299 285 328; x_wconf 89' lang='lat' dir='ltr'>cum</span> <span class='ocrx_word' id='word_1_10' title='bbox 318 317 326 327; x_wconf 91' lang='lat'>.</span> <span class='ocrx_word' id='word_1_11' title='bbox 354 318 363 326; x_wconf 90' lang='lat'>.</span> <span class='ocrx_word' id='word_1_12' title='bbox 390 318 398 326; x_wconf 91' lang='lat'>.</span> <span class='ocrx_word' id='word_1_13' title='bbox 432 284 564 326; x_wconf 88' lang='lat' dir='ltr'>etiam</span> <span class='ocrx_word' id='word_1_14' title='bbox 598 317 606 326; x_wconf 89' lang='lat'>.</span> <span class='ocrx_word' id='word_1_15' title='bbox 634 318 641 326; x_wconf 93' lang='lat'>.</span> <span class='ocrx_word' id='word_1_16' title='bbox 669 318 677 326; x_wconf 89' lang='lat'>.</span> <span class='ocrx_word' id='word_1_17' title='bbox 711 299 815 341; x_wconf 79' lang='lat' dir='ltr'>roge</span> <span class='ocrx_word' id='word_1_18' title='bbox 849 316 858 326; x_wconf 92' lang='lat'>.</span> <span class='ocrx_word' id='word_1_19' title='bbox 892 317 900 326; x_wconf 89' lang='lat'><strong>.</strong></span> <span class='ocrx_word' id='word_1_20' title='bbox 937 317 944 325; x_wconf 93' lang='lat'>.</span> <span class='ocrx_word' id='word_1_21' title='bbox 978 283 1122 325; x_wconf 77' lang='lat' dir='ltr'>doleas</span> <span class='ocrx_word' id='word_1_22' title='bbox 1157 317 1164 324; x_wconf 93' lang='lat'>.</span> <span class='ocrx_word' id='word_1_23' title='bbox 1191 317 1198 324; x_wconf 93' lang='lat'>.</span> <span class='ocrx_word' id='word_1_24' title='bbox 1227 317 1235 325; x_wconf 93' lang='lat'>.</span> <span class='ocrx_word' id='word_1_25' title='bbox 1277 285 1352 325; x_wconf 88' lang='lat' dir='ltr'>ent</span> <span class='ocrx_word' id='word_1_26' title='bbox 1384 316 1392 324; x_wconf 89' lang='lat'>.</span> <span class='ocrx_word' id='word_1_27' title='bbox 1426 316 1434 324; x_wconf 91' lang='lat'>.</span> <span class='ocrx_word' id='word_1_28' title='bbox 1469 315 1477 324; x_wconf 92' lang='lat'><strong>.</strong></span> <span class='ocrx_word' id='word_1_29' title='bbox 1517 283 1621 325; x_wconf 90' lang='lat' dir='ltr'>item</span> <span class='ocrx_word' id='word_1_30' title='bbox 1654 317 1661 325; x_wconf 92' lang='lat'>.</span> <span class='ocrx_word' id='word_1_31' title='bbox 1689 318 1696 325; x_wconf 92' lang='lat'>.</span> 
     </span>
     <span class='ocr_line' id='line_1_3' title="bbox 190 351 1734 410; baseline -0.001 -15"><span class='ocrx_word' id='word_1_32' title='bbox 190 386 410 396; x_wconf 89' lang='grc'><strong>.......</strong></span> <span class='ocrx_word' id='word_1_33' title='bbox 438 352 469 409; x_wconf 70' lang='lat'>1¹</span> <span class='ocrx_word' id='word_1_34' title='bbox 511 352 577 394; x_wconf 88' lang='lat' dir='ltr'>De</span> <span class='ocrx_word' id='word_1_35' title='bbox 598 353 750 395; x_wconf 89' lang='lat' dir='ltr'>funere</span> <span class='ocrx_word' id='word_1_36' title='bbox 788 351 972 410; x_wconf 85' lang='lat' dir='ltr'>[quoquc</span> <span class='ocrx_word' id='word_1_37' title='bbox 994 351 1237 410; x_wconf 82' lang='lat' dir='ltr'>ad]damus:</span> <span class='ocrx_word' id='word_1_38' title='bbox 1272 352 1381 394; x_wconf 84' lang='lat' dir='ltr'>sciat</span> <span class='ocrx_word' id='word_1_39' title='bbox 1402 351 1568 393; x_wconf 86' lang='lat' dir='ltr'>familia</span> <span class='ocrx_word' id='word_1_40' title='bbox 1591 366 1734 407; x_wconf 87' lang='lat' dir='ltr'>quem-</span> 
     </span>
     <span class='ocr_line' id='line_1_4' title="bbox 187 420 1736 476; baseline -0.001 -13"><span class='ocrx_word' id='word_1_41' title='bbox 187 421 415 464; x_wconf 84' lang='lat' dir='ltr'><strong>admodum</strong></span> <span class='ocrx_word' id='word_1_42' title='bbox 452 420 622 476; x_wconf 83' lang='lat' dir='ltr'>lugeat:</span> <span class='ocrx_word' id='word_1_43' title='bbox 670 421 796 463; x_wconf 89' lang='lat' dir='ltr'>aliter</span> <span class='ocrx_word' id='word_1_44' title='bbox 841 420 1015 476; x_wconf 78' lang='lat' dir='ltr'>plangit</span> <span class='ocrx_word' id='word_1_45' title='bbox 1060 435 1206 462; x_wconf 87' lang='lat' dir='ltr'>servus</span> <span class='ocrx_word' id='word_1_46' title='bbox 1246 420 1555 475; x_wconf 82' lang='lat' dir='ltr'>manumissus,</span> <span class='ocrx_word' id='word_1_47' title='bbox 1609 420 1736 463; x_wconf 85' lang='lat' dir='ltr'>aliter</span> 
     </span>
     <span class='ocr_line' id='line_1_5' title="bbox 188 488 1735 544; baseline 0 -12"><span class='ocrx_word' id='word_1_48' title='bbox 188 489 322 532; x_wconf 86' lang='lat' dir='ltr'>cliens</span> <span class='ocrx_word' id='word_1_49' title='bbox 352 490 501 532; x_wconf 88' lang='lat' dir='ltr'>laudat</span> <span class='ocrx_word' id='word_1_50' title='bbox 530 490 707 532; x_wconf 86' lang='lat' dir='ltr'>vocatus</span> <span class='ocrx_word' id='word_1_51' title='bbox 717 490 747 544; x_wconf 82' lang='lat'>2,</span> <span class='ocrx_word' id='word_1_52' title='bbox 782 489 907 531; x_wconf 87' lang='lat' dir='ltr'>aliter</span> <span class='ocrx_word' id='word_1_53' title='bbox 938 488 1100 530; x_wconf 87' lang='lat' dir='ltr'>amicus</span> <span class='ocrx_word' id='word_1_54' title='bbox 1132 489 1302 544; x_wconf 82' lang='lat' dir='ltr'>legato³</span> <span class='ocrx_word' id='word_1_55' title='bbox 1333 488 1582 531; x_wconf 86' lang='lat' dir='ltr'>honoratus.</span> <span class='ocrx_word' id='word_1_56' title='bbox 1624 489 1735 539; x_wconf 79' lang='lat' dir='ltr'>Quid</span> 
     </span>
     <span class='ocr_line' id='line_1_6' title="bbox 186 550 1765 614; baseline 0 -13"><span class='ocrx_word' id='word_1_57' title='bbox 186 558 376 601; x_wconf 84' lang='lat' dir='ltr'>incertas</span> <span class='ocrx_word' id='word_1_58' title='bbox 409 561 452 600; x_wconf 87' lang='lat' dir='ltr'>et</span> <span class='ocrx_word' id='word_1_59' title='bbox 482 572 712 614; x_wconf 87' lang='lat' dir='ltr'>suspensas</span> <span class='ocrx_word' id='word_1_60' title='bbox 743 557 946 612; x_wconf 81' lang='lat' dir='ltr'>exequias</span> <span class='ocrx_word' id='word_1_61' title='bbox 968 556 1094 613; x_wconf 81' lang='lat' dir='ltr'>agis?</span> <span class='ocrx_word' id='word_1_62' title='bbox 1141 557 1346 599; x_wconf 88' lang='lat' dir='ltr'>Omnium</span> <span class='ocrx_word' id='word_1_63' title='bbox 1378 558 1620 601; x_wconf 86' lang='lat' dir='ltr'>animarum</span> <span class='ocrx_word' id='word_1_64' title='bbox 1651 562 1735 601; x_wconf 87' lang='lat' dir='ltr'>sta·</span> <span class='ocrx_word' id='word_1_65' title='bbox 1761 550 1765 555; x_wconf 42' lang='lat'><em>¹</em></span> 
     </span>
     <span class='ocr_line' id='line_1_7' title="bbox 185 622 1736 682; baseline 0.001 -13"><span class='ocrx_word' id='word_1_66' title='bbox 185 626 267 668; x_wconf 87' lang='lat' dir='ltr'>tim</span> <span class='ocrx_word' id='word_1_67' title='bbox 296 629 395 682; x_wconf 90' lang='lat' dir='ltr'>post</span> <span class='ocrx_word' id='word_1_68' title='bbox 424 628 608 668; x_wconf 91' lang='lat' dir='ltr'>mortem</span> <span class='ocrx_word' id='word_1_69' title='bbox 638 625 854 667; x_wconf 73' lang='lat' dir='ltr'>hereditas</span> <span class='ocrx_word' id='word_1_70' title='bbox 888 627 1121 667; x_wconf 88' lang='lat' dir='ltr'>cernatur.</span> <span class='ocrx_word' id='word_1_71' title='bbox 1158 658 1166 666; x_wconf 95' lang='lat'>.</span> <span class='ocrx_word' id='word_1_72' title='bbox 1202 659 1211 666; x_wconf 90' lang='lat'>.</span> <span class='ocrx_word' id='word_1_73' title='bbox 1248 659 1255 666; x_wconf 99' lang='lat'>.</span> <span class='ocrx_word' id='word_1_74' title='bbox 1293 622 1301 667; x_wconf 70' lang='grc'>.’</span> <span class='ocrx_word' id='word_1_75' title='bbox 1338 659 1707 670; x_wconf 87' lang='grc'><strong>.........</strong></span> <span class='ocrx_word' id='word_1_76' title='bbox 1720 629 1736 654; x_wconf 75' lang='lat'>⁴</span> 
     </span>
     <span class='ocr_line' id='line_1_8' title="bbox 186 693 1735 752; baseline 0.001 -15"><span class='ocrx_word' id='word_1_77' title='bbox 186 693 410 737; x_wconf 90' lang='lat' dir='ltr'>hominum</span> <span class='ocrx_word' id='word_1_78' title='bbox 447 694 664 736; x_wconf 73' lang='lat' dir='ltr'>hereditas</span> <span class='ocrx_word' id='word_1_79' title='bbox 695 695 1010 750; x_wconf 80' lang='lat' dir='ltr'>postmortem</span> <span class='ocrx_word' id='word_1_80' title='bbox 1041 693 1164 748; x_wconf 75' lang='lat' dir='ltr'>lege5</span> <span class='ocrx_word' id='word_1_81' title='bbox 1204 694 1395 735; x_wconf 73' lang='lat' dir='ltr'>defertur</span> <span class='ocrx_word' id='word_1_82' title='bbox 1426 696 1735 752; x_wconf 83' lang='lat' dir='ltr'>praedonibus3</span> 
     </span>
     <span class='ocr_line' id='line_1_9' title="bbox 187 763 921 819; baseline -0.004 -14"><span class='ocrx_word' id='word_1_83' title='bbox 187 778 238 805; x_wconf 90' lang='lat' dir='ltr'>ea</span> <span class='ocrx_word' id='word_1_84' title='bbox 266 765 366 818; x_wconf 89' lang='lat' dir='ltr'>post</span> <span class='ocrx_word' id='word_1_85' title='bbox 395 763 670 819; x_wconf 77' lang='lat' dir='ltr'>plangitur.“</span> <span class='ocrx_word' id='word_1_86' title='bbox 916 765 921 779; x_wconf 70' lang='grc'><em>’</em></span> 
     </span>
    </p>

    <p class='ocr_par' dir='ltr' id='par_1_3' title="bbox 186 830 1735 1297">
     <span class='ocr_line' id='line_1_10' title="bbox 299 830 1734 887; baseline 0.002 -14"><span class='ocrx_word' id='word_1_87' title='bbox 299 830 412 873; x_wconf 90' lang='lat' dir='ltr'>Puto</span> <span class='ocrx_word' id='word_1_88' title='bbox 448 833 589 873; x_wconf 89' lang='lat' dir='ltr'>totum</span> <span class='ocrx_word' id='word_1_89' title='bbox 627 830 848 886; x_wconf 89' lang='lat' dir='ltr'>descripsi.</span> <span class='ocrx_word' id='word_1_90' title='bbox 910 830 1021 880; x_wconf 77' lang='lat' dir='ltr'>Quid</span> <span class='ocrx_word' id='word_1_91' title='bbox 1060 844 1164 886; x_wconf 84' lang='lat' dir='ltr'>ergo</span> <span class='ocrx_word' id='word_1_92' title='bbox 1202 830 1400 873; x_wconf 85' lang='lat' dir='ltr'>facerent</span> <span class='ocrx_word' id='word_1_93' title='bbox 1438 833 1549 887; x_wconf 90' lang='lat' dir='ltr'>quod</span> <span class='ocrx_word' id='word_1_94' title='bbox 1595 836 1734 876; x_wconf 90' lang='lat' dir='ltr'>totum</span> 
     </span>
     <span class='ocr_line' id='line_1_11' title="bbox 187 898 1732 957; baseline 0.002 -16"><span class='ocrx_word' id='word_1_95' title='bbox 187 913 237 941; x_wconf 89' lang='lat' dir='ltr'>ac</span> <span class='ocrx_word' id='word_1_96' title='bbox 267 899 400 941; x_wconf 72' lang='lat' dir='ltr'>mire⁶</span> <span class='ocrx_word' id='word_1_97' title='bbox 430 901 571 941; x_wconf 91' lang='lat' dir='ltr'>totum</span> <span class='ocrx_word' id='word_1_98' title='bbox 602 904 792 941; x_wconf 85' lang='lat' dir='ltr'>ama&#39;rem</span> <span class='ocrx_word' id='word_1_99' title='bbox 822 899 1042 941; x_wconf 89' lang='lat' dir='ltr'>hominem</span> <span class='ocrx_word' id='word_1_100' title='bbox 1072 898 1265 940; x_wconf 73' lang='lat' dir='ltr'>bonum?</span> <span class='ocrx_word' id='word_1_101' title='bbox 1309 898 1418 940; x_wconf 89' lang='lat' dir='ltr'>Vale</span> <span class='ocrx_word' id='word_1_102' title='bbox 1440 900 1732 957; x_wconf 76' lang='lat' dir='ltr'>disertissime,</span> 
     </span>
     <span class='ocr_line' id='line_1_12' title="bbox 187 967 1732 1026; baseline 0.001 -16"><span class='ocrx_word' id='word_1_103' title='bbox 187 968 445 1022; x_wconf 87' lang='lat' dir='ltr'>doctissime,</span> <span class='ocrx_word' id='word_1_104' title='bbox 486 968 593 1010; x_wconf 87' lang='lat' dir='ltr'>mihi</span> <span class='ocrx_word' id='word_1_105' title='bbox 633 968 865 1022; x_wconf 89' lang='lat' dir='ltr'>carissime,</span> <span class='ocrx_word' id='word_1_106' title='bbox 905 967 1164 1022; x_wconf 80' lang='lat' dir='ltr'>dulcissime,</span> <span class='ocrx_word' id='word_1_107' title='bbox 1205 967 1415 1023; x_wconf 82' lang='lat' dir='ltr'>magister</span> <span class='ocrx_word' id='word_1_108' title='bbox 1449 970 1732 1026; x_wconf 73' lang='lat' dir='ltr'>optatissime,</span> 
     </span>
     <span class='ocr_line' id='line_1_13' title="bbox 188 1035 1735 1094; baseline 0.001 -16"><span class='ocrx_word' id='word_1_109' title='bbox 188 1036 324 1078; x_wconf 84' lang='lat' dir='ltr'>amice</span> <span class='ocrx_word' id='word_1_110' title='bbox 355 1036 818 1094; x_wconf 39' lang='lat' dir='ltr'>desiderantissimeh·</span> <span class='ocrx_word' id='word_1_111' title='bbox 851 1035 1061 1078; x_wconf 84' lang='lat' dir='ltr'>Horatius</span> <span class='ocrx_word' id='word_1_112' title='bbox 1102 1050 1199 1078; x_wconf 89' lang='lat' dir='ltr'>cum</span> <span class='ocrx_word' id='word_1_113' title='bbox 1229 1035 1407 1078; x_wconf 87' lang='lat' dir='ltr'>Polione</span> <span class='ocrx_word' id='word_1_114' title='bbox 1437 1036 1569 1078; x_wconf 69' lang='lat' dir='ltr'>mihi8</span> <span class='ocrx_word' id='word_1_115' title='bbox 1602 1052 1735 1080; x_wconf 90' lang='lat' dir='ltr'>emor-</span> 
     </span>
     <span class='ocr_line' id='line_1_14' title="bbox 186 1104 1733 1160; baseline 0.001 -14"><span class='ocrx_word' id='word_1_116' title='bbox 186 1106 287 1147; x_wconf 84' lang='lat' dir='ltr'>tuus</span> <span class='ocrx_word' id='word_1_117' title='bbox 317 1107 397 1147; x_wconf 90' lang='lat' dir='ltr'>est.</span> <span class='ocrx_word' id='word_1_118' title='bbox 458 1104 508 1146; x_wconf 90' lang='lat' dir='ltr'>Id</span> <span class='ocrx_word' id='word_1_119' title='bbox 538 1104 757 1147; x_wconf 81' lang='lat' dir='ltr'>Herodes9</span> <span class='ocrx_word' id='word_1_120' title='bbox 795 1119 885 1147; x_wconf 89' lang='lat' dir='ltr'>non</span> <span class='ocrx_word' id='word_1_121' title='bbox 925 1119 1061 1160; x_wconf 90' lang='lat' dir='ltr'>aequo</span> <span class='ocrx_word' id='word_1_122' title='bbox 1098 1104 1186 1146; x_wconf 88' lang='lat' dir='ltr'>fert</span> <span class='ocrx_word' id='word_1_123' title='bbox 1217 1104 1374 1146; x_wconf 90' lang='lat' dir='ltr'>animo.</span> <span class='ocrx_word' id='word_1_124' title='bbox 1436 1104 1547 1147; x_wconf 91' lang='lat' dir='ltr'>Volo</span> <span class='ocrx_word' id='word_1_125' title='bbox 1586 1109 1635 1148; x_wconf 91' lang='lat' dir='ltr'>ut</span> <span class='ocrx_word' id='word_1_126' title='bbox 1672 1107 1733 1149; x_wconf 91' lang='lat' dir='ltr'>illi</span> 
     </span>
     <span class='ocr_line' id='line_1_15' title="bbox 188 1173 1734 1229; baseline 0.002 -15"><span class='ocrx_word' id='word_1_127' title='bbox 188 1173 349 1229; x_wconf 88' lang='lat' dir='ltr'>aliquid</span> <span class='ocrx_word' id='word_1_128' title='bbox 379 1173 491 1229; x_wconf 89' lang='lat' dir='ltr'>quod</span> <span class='ocrx_word' id='word_1_129' title='bbox 522 1173 575 1215; x_wconf 89' lang='lat' dir='ltr'>ad</span> <span class='ocrx_word' id='word_1_130' title='bbox 605 1173 720 1216; x_wconf 89' lang='lat' dir='ltr'>hanc</span> <span class='ocrx_word' id='word_1_131' title='bbox 750 1188 841 1216; x_wconf 88' lang='lat' dir='ltr'>rem</span> <span class='ocrx_word' id='word_1_132' title='bbox 872 1173 1059 1215; x_wconf 87' lang='lat' dir='ltr'>attineat</span> <span class='ocrx_word' id='word_1_133' title='bbox 1095 1187 1333 1228; x_wconf 86' lang='lat' dir='ltr'>paucorum</span> <span class='ocrx_word' id='word_1_134' title='bbox 1372 1173 1601 1215; x_wconf 85' lang='lat' dir='ltr'>verborum</span> <span class='ocrx_word' id='word_1_135' title='bbox 1634 1177 1734 1217; x_wconf 87' lang='lat' dir='ltr'>scri-</span> 
     </span>
     <span class='ocr_line' id='line_1_16' title="bbox 187 1240 655 1297; baseline 0.002 -14"><span class='ocrx_word' id='word_1_136' title='bbox 187 1241 279 1283; x_wconf 87' lang='lat' dir='ltr'>bas.</span> <span class='ocrx_word' id='word_1_137' title='bbox 340 1240 518 1297; x_wconf 80' lang='lat' dir='ltr'>Semper</span> <span class='ocrx_word' id='word_1_138' title='bbox 546 1242 655 1284; x_wconf 85' lang='lat' dir='ltr'>vale.</span> 
     </span>
    </p>
   </div>
   <div class='ocr_carea' id='block_1_3' title="bbox 705 1333 1216 1378">
    <p class='ocr_par' dir='ltr' id='par_1_4' title="bbox 705 1333 1216 1378">
     <span class='ocr_line' id='line_1_17' title="bbox 705 1333 1216 1378; baseline -0.004 0"><span class='ocrx_word' id='word_1_139' title='bbox 705 1333 818 1378; x_wconf 84' lang='lat' dir='ltr'>vll.</span> <span class='ocrx_word' id='word_1_140' title='bbox 860 1333 1066 1378; x_wconf 84' lang='lat' dir='ltr'>Domino</span> <span class='ocrx_word' id='word_1_141' title='bbox 1097 1333 1216 1378; x_wconf 83' lang='lat' dir='ltr'>Meo.</span> 
     </span>
    </p>
   </div>
   <div class='ocr_carea' id='block_1_4' title="bbox 301 1413 1735 1476">
    <p class='ocr_par' dir='ltr' id='par_1_5' title="bbox 301 1413 1735 1476">
     <span class='ocr_line' id='line_1_18' title="bbox 301 1413 1735 1476; baseline 0.002 -20"><span class='ocrx_word' id='word_1_142' title='bbox 301 1413 479 1470; x_wconf 87' lang='lat' dir='ltr'>Accepi,</span> <span class='ocrx_word' id='word_1_143' title='bbox 513 1414 683 1470; x_wconf 87' lang='lat' dir='ltr'>Caesar,</span> <span class='ocrx_word' id='word_1_144' title='bbox 714 1414 885 1476; x_wconf 88' lang='lat' dir='ltr'>litteras</span> <span class='ocrx_word' id='word_1_145' title='bbox 916 1417 1028 1470; x_wconf 89' lang='lat' dir='ltr'>tuas,</span> <span class='ocrx_word' id='word_1_146' title='bbox 1066 1414 1220 1470; x_wconf 89' lang='lat' dir='ltr'>quibus</span> <span class='ocrx_word' id='word_1_147' title='bbox 1251 1416 1413 1469; x_wconf 87' lang='lat' dir='ltr'>quanto</span> <span class='ocrx_word' id='word_1_148' title='bbox 1444 1429 1572 1469; x_wconf 89' lang='lat' dir='ltr'>opere</span> <span class='ocrx_word' id='word_1_149' title='bbox 1603 1415 1735 1459; x_wconf 91' lang='lat' dir='ltr'>laeta-</span> 
     </span>
    </p>
   </div>
   <div class='ocr_carea' id='block_1_5' title="bbox 291 1492 459 1496">
    <p class='ocr_par' dir='ltr' id='par_1_6' title="bbox 291 1492 459 1496">
     <span class='ocr_line' id='line_1_19' title="bbox 291 1492 459 1496; baseline 0 0"><span class='ocrx_word' id='word_1_150' title='bbox 291 1492 459 1496; x_wconf 95' lang='lat' dir='ltr'> </span> 
     </span>
    </p>
   </div>
   <div class='ocr_carea' id='block_1_6' title="bbox 175 1516 1739 2297">
    <p class='ocr_par' dir='ltr' id='par_1_7' title="bbox 175 1516 1739 2297">
     <span class='ocr_line' id='line_1_20' title="bbox 304 1516 1737 1564; baseline 0.001 -12"><span class='ocrx_word' id='word_1_151' title='bbox 304 1522 321 1552; x_wconf 90' lang='lat'><strong>1</strong></span> <span class='ocrx_word' id='word_1_152' title='bbox 346 1517 499 1553; x_wconf 88' lang='lat' dir='ltr'>Uncinis</span> <span class='ocrx_word' id='word_1_153' title='bbox 522 1517 665 1553; x_wconf 88' lang='lat' dir='ltr'>inclusa</span> <span class='ocrx_word' id='word_1_154' title='bbox 689 1517 839 1564; x_wconf 89' lang='lat' dir='ltr'>reposui</span> <span class='ocrx_word' id='word_1_155' title='bbox 864 1518 910 1553; x_wconf 90' lang='lat' dir='ltr'>de</span> <span class='ocrx_word' id='word_1_156' title='bbox 937 1517 1152 1553; x_wconf 90' lang='lat' dir='ltr'>coniectura</span> <span class='ocrx_word' id='word_1_157' title='bbox 1168 1528 1242 1552; x_wconf 90' lang='lat' dir='ltr'>non</span> <span class='ocrx_word' id='word_1_158' title='bbox 1260 1516 1463 1552; x_wconf 86' lang='lat' dir='ltr'>admodum</span> <span class='ocrx_word' id='word_1_159' title='bbox 1482 1520 1594 1553; x_wconf 87' lang='lat' dir='ltr'>certa.</span> <span class='ocrx_word' id='word_1_160' title='bbox 1634 1519 1737 1555; x_wconf 84' lang='lat' dir='ltr'>Haec</span> 
     </span>
     <span class='ocr_line' id='line_1_21' title="bbox 187 1573 1710 1621; baseline 0.002 -12"><span class='ocrx_word' id='word_1_161' title='bbox 187 1576 265 1610; x_wconf 85' lang='lat' dir='ltr'>fere</span> <span class='ocrx_word' id='word_1_162' title='bbox 291 1574 572 1620; x_wconf 80' lang='lat' dir='ltr'>distinguuntur</span> <span class='ocrx_word' id='word_1_163' title='bbox 595 1575 635 1609; x_wconf 91' lang='lat' dir='ltr'>in</span> <span class='ocrx_word' id='word_1_164' title='bbox 660 1574 811 1610; x_wconf 80' lang='lat' dir='ltr'>Codice:</span> <span class='ocrx_word' id='word_1_165' title='bbox 837 1573 1031 1610; x_wconf 77' lang='lat' dir='ltr'>AIOICUE</span> <span class='ocrx_word' id='word_1_166' title='bbox 1050 1595 1072 1609; x_wconf 90' lang='lat'>-.</span> <span class='ocrx_word' id='word_1_167' title='bbox 1122 1574 1258 1619; x_wconf 89' lang='lat' dir='ltr'>Incipit</span> <span class='ocrx_word' id='word_1_168' title='bbox 1284 1573 1372 1610; x_wconf 83' lang='lat' dir='ltr'>Cod.</span> <span class='ocrx_word' id='word_1_169' title='bbox 1400 1574 1571 1610; x_wconf 84' lang='lat' dir='ltr'>Ambros.</span> <span class='ocrx_word' id='word_1_170' title='bbox 1599 1588 1634 1621; x_wconf 92' lang='lat' dir='ltr'>p.</span> <span class='ocrx_word' id='word_1_171' title='bbox 1656 1580 1710 1612; x_wconf 84' lang='lat'>58.</span> 
     </span>
     <span class='ocr_line' id='line_1_22' title="bbox 302 1628 751 1667; baseline 0.002 -1"><span class='ocrx_word' id='word_1_172' title='bbox 302 1635 322 1666; x_wconf 86' lang='lat'>2</span> <span class='ocrx_word' id='word_1_173' title='bbox 348 1630 490 1667; x_wconf 80' lang='lat' dir='ltr'>Codex:</span> <span class='ocrx_word' id='word_1_174' title='bbox 516 1628 751 1667; x_wconf 65' lang='lat' dir='ltr'>landaz‘c‘eatus.</span> 
     </span>
     <span class='ocr_line' id='line_1_23' title="bbox 303 1687 1737 1734; baseline 0.001 -10"><span class='ocrx_word' id='word_1_175' title='bbox 303 1693 335 1732; x_wconf 35' lang='grc' dir='ltr'>3ἡ</span> <span class='ocrx_word' id='word_1_176' title='bbox 349 1687 475 1723; x_wconf 85' lang='lat' dir='ltr'>Codex</span> <span class='ocrx_word' id='word_1_177' title='bbox 499 1692 602 1734; x_wconf 68' lang='lat' dir='ltr'>lugat.</span> <span class='ocrx_word' id='word_1_178' title='bbox 647 1688 817 1724; x_wconf 87' lang='lat' dir='ltr'>Correxit</span> <span class='ocrx_word' id='word_1_179' title='bbox 840 1688 1030 1724; x_wconf 86' lang='lat' dir='ltr'>Vahlenus</span> <span class='ocrx_word' id='word_1_180' title='bbox 1057 1689 1120 1733; x_wconf 88' lang='lat' dir='ltr'>qui</span> <span class='ocrx_word' id='word_1_181' title='bbox 1144 1688 1182 1722; x_wconf 85' lang='lat' dir='ltr'>in</span> <span class='ocrx_word' id='word_1_182' title='bbox 1209 1688 1524 1724; x_wconf 84' lang='lat' dir='ltr'>commentatione</span> <span class='ocrx_word' id='word_1_183' title='bbox 1543 1689 1589 1724; x_wconf 89' lang='lat' dir='ltr'>de</span> <span class='ocrx_word' id='word_1_184' title='bbox 1603 1690 1737 1726; x_wconf 89' lang='lat' dir='ltr'>Naevii</span> 
     </span>
     <span class='ocr_line' id='line_1_24' title="bbox 175 1745 1736 1792; baseline 0.002 -12"><span class='ocrx_word' id='word_1_185' title='bbox 175 1745 355 1790; x_wconf 57' lang='lat' dir='ltr'>⁴reliquiis</span> <span class='ocrx_word' id='word_1_186' title='bbox 379 1757 416 1791; x_wconf 90' lang='lat' dir='ltr'>p.</span> <span class='ocrx_word' id='word_1_187' title='bbox 433 1749 452 1781; x_wconf 81' lang='lat'>7</span> <span class='ocrx_word' id='word_1_188' title='bbox 478 1746 682 1781; x_wconf 85' lang='lat' dir='ltr'>admodum</span> <span class='ocrx_word' id='word_1_189' title='bbox 704 1746 896 1792; x_wconf 84' lang='lat' dir='ltr'>ingeniose</span> <span class='ocrx_word' id='word_1_190' title='bbox 922 1746 1140 1791; x_wconf 84' lang='lat' dir='ltr'>scripserat:</span> <span class='ocrx_word' id='word_1_191' title='bbox 1173 1749 1225 1780; x_wconf 86' lang='lat' dir='ltr'>De</span> <span class='ocrx_word' id='word_1_192' title='bbox 1253 1748 1378 1788; x_wconf 79' lang='lat' dir='ltr'>femere</span> <span class='ocrx_word' id='word_1_193' title='bbox 1403 1754 1513 1781; x_wconf 80' lang='lat' dir='ltr'>autem</span> <span class='ocrx_word' id='word_1_194' title='bbox 1538 1750 1622 1782; x_wconf 73' lang='lat' dir='ltr'>nihil</span> <span class='ocrx_word' id='word_1_195' title='bbox 1644 1762 1736 1783; x_wconf 82' lang='lat' dir='ltr'>man-</span> 
     </span>
     <span class='ocr_line' id='line_1_25' title="bbox 188 1806 1739 1849; baseline 0.001 -11"><span class='ocrx_word' id='word_1_196' title='bbox 188 1807 324 1838; x_wconf 80' lang='lat' dir='ltr'>damus:</span> <span class='ocrx_word' id='word_1_197' title='bbox 353 1807 442 1838; x_wconf 74' lang='lat' dir='ltr'>sciat</span> <span class='ocrx_word' id='word_1_198' title='bbox 463 1806 490 1847; x_wconf 78' lang='lat' dir='ltr'>f.</span> <span class='ocrx_word' id='word_1_199' title='bbox 519 1818 550 1849; x_wconf 84' lang='lat' dir='ltr'>q.</span> <span class='ocrx_word' id='word_1_200' title='bbox 577 1807 743 1839; x_wconf 78' lang='lat' dir='ltr'>dominum</span> <span class='ocrx_word' id='word_1_201' title='bbox 767 1808 899 1847; x_wconf 71' lang='lat' dir='ltr'>luyeat:</span> <span class='ocrx_word' id='word_1_202' title='bbox 931 1817 964 1840; x_wconf 86' lang='lat' dir='ltr'>a.</span> <span class='ocrx_word' id='word_1_203' title='bbox 986 1817 1022 1848; x_wconf 80' lang='lat' dir='ltr'>p.</span> <span class='ocrx_word' id='word_1_204' title='bbox 1047 1817 1075 1840; x_wconf 80' lang='lat' dir='ltr'>s,</span> <span class='ocrx_word' id='word_1_205' title='bbox 1103 1817 1163 1847; x_wconf 82' lang='lat' dir='ltr'>m.,</span> <span class='ocrx_word' id='word_1_206' title='bbox 1189 1817 1221 1839; x_wconf 87' lang='lat' dir='ltr'>a.</span> <span class='ocrx_word' id='word_1_207' title='bbox 1248 1807 1354 1838; x_wconf 77' lang='lat' dir='ltr'>cliens</span> <span class='ocrx_word' id='word_1_208' title='bbox 1385 1807 1591 1848; x_wconf 73' lang='lat' dir='ltr'>adoptatus,</span> <span class='ocrx_word' id='word_1_209' title='bbox 1633 1810 1739 1840; x_wconf 74' lang='lat' dir='ltr'>aliter·</span> 
     </span>
     <span class='ocr_line' id='line_1_26' title="bbox 188 1859 1737 1905; baseline 0.001 -10"><span class='ocrx_word' id='word_1_210' title='bbox 188 1864 315 1896; x_wconf 78' lang='lat' dir='ltr'>amicus</span> <span class='ocrx_word' id='word_1_211' title='bbox 338 1865 451 1905; x_wconf 62' lang='lat' dir='ltr'>legato</span> <span class='ocrx_word' id='word_1_212' title='bbox 476 1863 694 1902; x_wconf 65' lang='lat' dir='ltr'>honoratus„</span> <span class='ocrx_word' id='word_1_213' title='bbox 727 1861 827 1896; x_wconf 87' lang='lat' dir='ltr'>laud.</span> <span class='ocrx_word' id='word_1_214' title='bbox 855 1859 1014 1895; x_wconf 85' lang='lat' dir='ltr'>Callistr.</span> <span class='ocrx_word' id='word_1_215' title='bbox 1040 1859 1125 1904; x_wconf 86' lang='lat' dir='ltr'>Dig.</span> <span class='ocrx_word' id='word_1_216' title='bbox 1145 1863 1199 1895; x_wconf 87' lang='grc'>48.</span> <span class='ocrx_word' id='word_1_217' title='bbox 1224 1864 1274 1894; x_wconf 90' lang='lat'>10.</span> <span class='ocrx_word' id='word_1_218' title='bbox 1298 1864 1349 1895; x_wconf 81' lang='lat'>15.</span> <span class='ocrx_word' id='word_1_219' title='bbox 1404 1860 1506 1895; x_wconf 88' lang='lat' dir='ltr'>Nihil</span> <span class='ocrx_word' id='word_1_220' title='bbox 1538 1862 1667 1897; x_wconf 87' lang='lat' dir='ltr'>tamen</span> <span class='ocrx_word' id='word_1_221' title='bbox 1699 1862 1737 1896; x_wconf 90' lang='lat' dir='ltr'>in</span> 
     </span>
     <span class='ocr_line' id='line_1_27' title="bbox 188 1917 917 1963; baseline 0.001 -11"><span class='ocrx_word' id='word_1_222' title='bbox 188 1917 246 1952; x_wconf 88' lang='lat' dir='ltr'>his</span> <span class='ocrx_word' id='word_1_223' title='bbox 270 1928 423 1963; x_wconf 87' lang='lat' dir='ltr'>prorsus</span> <span class='ocrx_word' id='word_1_224' title='bbox 449 1920 593 1952; x_wconf 85' lang='lat' dir='ltr'>eertum</span> <span class='ocrx_word' id='word_1_225' title='bbox 616 1919 770 1963; x_wconf 85' lang='lat' dir='ltr'>praeter</span> <span class='ocrx_word' id='word_1_226' title='bbox 793 1922 917 1963; x_wconf 65' lang='lat' dir='ltr'>leqato‘.</span> 
     </span>
     <span class='ocr_line' id='line_1_28' title="bbox 302 1973 1128 2010; baseline -0.001 -1"><span class='ocrx_word' id='word_1_227' title='bbox 302 1978 325 2010; x_wconf 88' lang='lat'>4</span> <span class='ocrx_word' id='word_1_228' title='bbox 347 1973 416 2009; x_wconf 89' lang='lat' dir='ltr'>Hic</span> <span class='ocrx_word' id='word_1_229' title='bbox 440 1974 559 2010; x_wconf 85' lang='lat' dir='ltr'>Maius</span> <span class='ocrx_word' id='word_1_230' title='bbox 582 1975 660 2010; x_wconf 83' lang='lat' dir='ltr'>fere</span> <span class='ocrx_word' id='word_1_231' title='bbox 685 1974 778 2010; x_wconf 88' lang='lat' dir='ltr'>nihil</span> <span class='ocrx_word' id='word_1_232' title='bbox 801 1974 906 2010; x_wconf 88' lang='lat' dir='ltr'>vidit.</span> <span class='ocrx_word' id='word_1_233' title='bbox 945 1975 994 2010; x_wconf 85' lang='lat' dir='ltr'>du</span> <span class='ocrx_word' id='word_1_234' title='bbox 1017 1974 1128 2010; x_wconf 83' lang='lat' dir='ltr'>Rieu:</span> 
     </span>
     <span class='ocr_line' id='line_1_29' title="bbox 850 2031 1143 2085; baseline -0.007 -18"><span class='ocrx_word' id='word_1_235' title='bbox 850 2031 1012 2067; x_wconf 88' lang='lat' dir='ltr'>CERNA</span> <span class='ocrx_word' id='word_1_236' title='bbox 1125 2077 1143 2085; x_wconf 60' lang='lat'>„</span> 
     </span>
     <span class='ocr_line' id='line_1_30' title="bbox 555 2078 1149 2125; baseline -0.007 0"><span class='ocrx_word' id='word_1_237' title='bbox 555 2078 983 2125; x_wconf 75' lang='lat' dir='ltr'>TUROUIIANAETA.</span> <span class='ocrx_word' id='word_1_238' title='bbox 1007 2117 1013 2122; x_wconf 89' lang='lat'>.</span> <span class='ocrx_word' id='word_1_239' title='bbox 1035 2117 1040 2122; x_wconf 90' lang='lat'>.</span> <span class='ocrx_word' id='word_1_240' title='bbox 1064 2117 1068 2122; x_wconf 92' lang='lat'>.</span> <span class='ocrx_word' id='word_1_241' title='bbox 1090 2088 1149 2123; x_wconf 86' lang='lat' dir='ltr'>co</span> 
     </span>
     <span class='ocr_line' id='line_1_31' title="bbox 556 2145 973 2181; baseline -0.002 0"><span class='ocrx_word' id='word_1_242' title='bbox 556 2145 973 2181; x_wconf 79' lang='lat' dir='ltr'>TRAINTERFICIET</span> 
     </span>
     <span class='ocr_line' id='line_1_32' title="bbox 555 2201 1094 2239; baseline -0.002 -1"><span class='ocrx_word' id='word_1_243' title='bbox 555 2201 1009 2239; x_wconf 81' lang='lat' dir='ltr'>EBUSUNGUESTECN</span> <span class='ocrx_word' id='word_1_244' title='bbox 1029 2232 1035 2237; x_wconf 88' lang='lat'>.</span> <span class='ocrx_word' id='word_1_245' title='bbox 1058 2232 1063 2237; x_wconf 91' lang='lat'>.</span> <span class='ocrx_word' id='word_1_246' title='bbox 1087 2216 1094 2237; x_wconf 88' lang='grc'><em>;</em></span> 
     </span>
     <span class='ocr_line' id='line_1_33' title="bbox 555 2259 1298 2297; baseline -0.001 -2"><span class='ocrx_word' id='word_1_247' title='bbox 555 2260 670 2295; x_wconf 85' lang='lat' dir='ltr'>AUIB</span> <span class='ocrx_word' id='word_1_248' title='bbox 689 2275 696 2282; x_wconf 92' lang='lat'><em>·</em></span> <span class='ocrx_word' id='word_1_249' title='bbox 715 2259 1015 2297; x_wconf 68' lang='lat' dir='ltr'>PINNAEoIOOJ</span> <span class='ocrx_word' id='word_1_250' title='bbox 1035 2289 1041 2294; x_wconf 90' lang='lat'>.</span> <span class='ocrx_word' id='word_1_251' title='bbox 1064 2289 1068 2294; x_wconf 93' lang='lat'>.</span> <span class='ocrx_word' id='word_1_252' title='bbox 1091 2287 1098 2293; x_wconf 92' lang='lat'>.</span> <span class='ocrx_word' id='word_1_253' title='bbox 1124 2263 1298 2294; x_wconf 78' lang='lat' dir='ltr'>hominum.</span> 
     </span>
    </p>
   </div>
   <div class='ocr_carea' id='block_1_7' title="bbox 193 2327 1746 2943">
    <p class='ocr_par' dir='ltr' id='par_1_8' title="bbox 305 2327 947 2372">
     <span class='ocr_line' id='line_1_34' title="bbox 305 2327 947 2372; baseline -0.002 -7"><span class='ocrx_word' id='word_1_254' title='bbox 305 2333 326 2365; x_wconf 87' lang='lat'>5</span> <span class='ocrx_word' id='word_1_255' title='bbox 351 2328 492 2364; x_wconf 86' lang='lat' dir='ltr'>Codex:</span> <span class='ocrx_word' id='word_1_256' title='bbox 518 2327 647 2372; x_wconf 88' lang='lat' dir='ltr'>ACEI,</span> <span class='ocrx_word' id='word_1_257' title='bbox 673 2330 715 2364; x_wconf 92' lang='lat' dir='ltr'>ut</span> <span class='ocrx_word' id='word_1_258' title='bbox 738 2329 947 2364; x_wconf 84' lang='lat' dir='ltr'>videbatur.</span> 
     </span>
    </p>

    <p class='ocr_par' dir='ltr' id='par_1_9' title="bbox 306 2382 1657 2434">
     <span class='ocr_line' id='line_1_35' title="bbox 306 2382 1657 2434; baseline -0.001 -13"><span class='ocrx_word' id='word_1_259' title='bbox 306 2389 327 2420; x_wconf 84' lang='grc'><strong>6</strong></span> <span class='ocrx_word' id='word_1_260' title='bbox 352 2385 493 2434; x_wconf 82' lang='lat' dir='ltr'>Codex:</span> <span class='ocrx_word' id='word_1_261' title='bbox 519 2382 743 2423; x_wconf 70' lang='lat' dir='ltr'>(OIREIAoe.</span> <span class='ocrx_word' id='word_1_262' title='bbox 792 2387 826 2421; x_wconf 92' lang='lat' dir='ltr'><strong>A</strong></span> <span class='ocrx_word' id='word_1_263' title='bbox 851 2390 1027 2431; x_wconf 87' lang='lat' dir='ltr'>corrupto</span> <span class='ocrx_word' id='word_1_264' title='bbox 1052 2385 1133 2421; x_wconf 90' lang='lat' dir='ltr'>loco</span> <span class='ocrx_word' id='word_1_265' title='bbox 1159 2385 1274 2420; x_wconf 83' lang='lat' dir='ltr'>malui</span> <span class='ocrx_word' id='word_1_266' title='bbox 1300 2385 1489 2420; x_wconf 86' lang='lat' dir='ltr'>abstinere</span> <span class='ocrx_word' id='word_1_267' title='bbox 1514 2397 1657 2420; x_wconf 88' lang='lat' dir='ltr'>manus.</span> 
     </span>
    </p>

    <p class='ocr_par' dir='ltr' id='par_1_10' title="bbox 193 2442 1746 2607">
     <span class='ocr_line' id='line_1_36' title="bbox 307 2442 1746 2488; baseline 0 -11"><span class='ocrx_word' id='word_1_268' title='bbox 307 2447 326 2478; x_wconf 79' lang='lat'>7</span> <span class='ocrx_word' id='word_1_269' title='bbox 350 2442 466 2488; x_wconf 86' lang='lat' dir='ltr'>Vulgi</span> <span class='ocrx_word' id='word_1_270' title='bbox 491 2442 625 2478; x_wconf 86' lang='lat' dir='ltr'>vitiosa</span> <span class='ocrx_word' id='word_1_271' title='bbox 648 2442 922 2488; x_wconf 86' lang='lat' dir='ltr'>pronunciatio.</span> <span class='ocrx_word' id='word_1_272' title='bbox 968 2442 1170 2477; x_wconf 85' lang='lat' dir='ltr'>Frontonis·</span> <span class='ocrx_word' id='word_1_273' title='bbox 1193 2442 1269 2477; x_wconf 87' lang='lat' dir='ltr'>iam</span> <span class='ocrx_word' id='word_1_274' title='bbox 1295 2442 1419 2477; x_wconf 87' lang='lat' dir='ltr'>aetate</span> <span class='ocrx_word' id='word_1_275' title='bbox 1443 2442 1543 2487; x_wconf 88' lang='lat' dir='ltr'>ipsos</span> <span class='ocrx_word' id='word_1_276' title='bbox 1569 2443 1746 2478; x_wconf 75' lang='lat' dir='ltr'>rhetores·</span> 
     </span>
     <span class='ocr_line' id='line_1_37' title="bbox 193 2498 1738 2545; baseline -0.001 -10"><span class='ocrx_word' id='word_1_277' title='bbox 193 2499 286 2535; x_wconf 86' lang='lat' dir='ltr'>adeo</span> <span class='ocrx_word' id='word_1_278' title='bbox 312 2499 488 2535; x_wconf 85' lang='lat' dir='ltr'>mendose</span> <span class='ocrx_word' id='word_1_279' title='bbox 512 2499 669 2534; x_wconf 86' lang='lat' dir='ltr'>verbum</span> <span class='ocrx_word' id='word_1_280' title='bbox 693 2499 898 2545; x_wconf 86' lang='lat' dir='ltr'>scripsisse,</span> <span class='ocrx_word' id='word_1_281' title='bbox 924 2499 1015 2534; x_wconf 88' lang='lat' dir='ltr'>mihi</span> <span class='ocrx_word' id='word_1_282' title='bbox 1040 2499 1100 2534; x_wconf 87' lang='lat' dir='ltr'>vix</span> <span class='ocrx_word' id='word_1_283' title='bbox 1126 2498 1323 2543; x_wconf 87' lang='lat' dir='ltr'>quisquam</span> <span class='ocrx_word' id='word_1_284' title='bbox 1348 2499 1585 2544; x_wconf 84' lang='lat' dir='ltr'>persuadeat.</span> <span class='ocrx_word' id='word_1_285' title='bbox 1628 2503 1738 2535; x_wconf 79' lang='lat' dir='ltr'>Hein-</span> 
     </span>
     <span class='ocr_line' id='line_1_38' title="bbox 193 2561 1501 2607; baseline -0.001 -15"><span class='ocrx_word' id='word_1_286' title='bbox 193 2561 331 2601; x_wconf 77' lang='lat' dir='ltr'>dorfins.</span> <span class='ocrx_word' id='word_1_287' title='bbox 1493 2603 1501 2607; x_wconf 15' lang='grc' dir='ltr'>ἱ</span> 
     </span>
    </p>

    <p class='ocr_par' dir='ltr' id='par_1_11' title="bbox 193 2612 1738 2887">
     <span class='ocr_line' id='line_1_39' title="bbox 307 2612 1738 2658; baseline 0.001 -10"><span class='ocrx_word' id='word_1_288' title='bbox 307 2617 328 2648; x_wconf 88' lang='grc'>8</span> <span class='ocrx_word' id='word_1_289' title='bbox 352 2613 395 2648; x_wconf 91' lang='lat' dir='ltr'>In</span> <span class='ocrx_word' id='word_1_290' title='bbox 421 2612 572 2648; x_wconf 88' lang='lat' dir='ltr'>Codice:</span> <span class='ocrx_word' id='word_1_291' title='bbox 600 2615 769 2649; x_wconf 75' lang='lat' dir='ltr'>Horatius</span> <span class='ocrx_word' id='word_1_292' title='bbox 788 2634 828 2639; x_wconf 91' lang='lat'>—</span> <span class='ocrx_word' id='word_1_293' title='bbox 847 2618 926 2650; x_wconf 72' lang='lat' dir='ltr'>milae·</span> <span class='ocrx_word' id='word_1_294' title='bbox 949 2613 1117 2649; x_wconf 78' lang='lat' dir='ltr'>evanida.</span> <span class='ocrx_word' id='word_1_295' title='bbox 1157 2613 1318 2658; x_wconf 86' lang='lat' dir='ltr'>Propter</span> <span class='ocrx_word' id='word_1_296' title='bbox 1341 2612 1482 2647; x_wconf 87' lang='lat' dir='ltr'>Maium</span> <span class='ocrx_word' id='word_1_297' title='bbox 1507 2622 1642 2648; x_wconf 89' lang='lat' dir='ltr'>moneo</span> <span class='ocrx_word' id='word_1_298' title='bbox 1667 2613 1738 2649; x_wconf 88' lang='lat' dir='ltr'>hoc</span> 
     </span>
     <span class='ocr_line' id='line_1_40' title="bbox 193 2668 1738 2716; baseline 0 -10"><span class='ocrx_word' id='word_1_299' title='bbox 193 2669 402 2716; x_wconf 85' lang='lat' dir='ltr'>significare</span> <span class='ocrx_word' id='word_1_300' title='bbox 426 2670 595 2705; x_wconf 88' lang='lat' dir='ltr'>Marcum</span> <span class='ocrx_word' id='word_1_301' title='bbox 619 2682 656 2705; x_wconf 90' lang='lat' dir='ltr'>se</span> <span class='ocrx_word' id='word_1_302' title='bbox 684 2669 886 2706; x_wconf 86' lang='lat' dir='ltr'>deseruisse</span> <span class='ocrx_word' id='word_1_303' title='bbox 911 2671 1058 2706; x_wconf 86' lang='lat' dir='ltr'>Horatii</span> <span class='ocrx_word' id='word_1_304' title='bbox 1084 2670 1257 2705; x_wconf 84' lang='lat' dir='ltr'>studium.</span> <span class='ocrx_word' id='word_1_305' title='bbox 1304 2668 1441 2704; x_wconf 77' lang='lat' dir='ltr'>Confer</span> <span class='ocrx_word' id='word_1_306' title='bbox 1463 2668 1598 2704; x_wconf 88' lang='lat' dir='ltr'>similia</span> <span class='ocrx_word' id='word_1_307' title='bbox 1622 2670 1738 2706; x_wconf 86' lang='lat' dir='ltr'>verba</span> 
     </span>
     <span class='ocr_line' id='line_1_41' title="bbox 193 2725 1737 2773; baseline -0.001 -11"><span class='ocrx_word' id='word_1_308' title='bbox 193 2728 293 2762; x_wconf 89' lang='lat' dir='ltr'>infra</span> <span class='ocrx_word' id='word_1_309' title='bbox 316 2727 432 2773; x_wconf 86' lang='lat' dir='ltr'>Epist.</span> <span class='ocrx_word' id='word_1_310' title='bbox 461 2727 510 2762; x_wconf 89' lang='lat' dir='ltr'>ad</span> <span class='ocrx_word' id='word_1_311' title='bbox 534 2727 582 2762; x_wconf 93' lang='lat' dir='ltr'>M.</span> <span class='ocrx_word' id='word_1_312' title='bbox 603 2726 706 2762; x_wconf 84' lang='lat' dir='ltr'>Caes.</span> <span class='ocrx_word' id='word_1_313' title='bbox 733 2727 777 2762; x_wconf 85' lang='lat' dir='ltr'>II.</span> <span class='ocrx_word' id='word_1_314' title='bbox 802 2731 852 2763; x_wconf 85' lang='lat'>10.</span> <span class='ocrx_word' id='word_1_315' title='bbox 914 2727 1080 2762; x_wconf 84' lang='lat' dir='ltr'>Pollione</span> <span class='ocrx_word' id='word_1_316' title='bbox 1106 2739 1212 2761; x_wconf 84' lang='lat' dir='ltr'>usum</span> <span class='ocrx_word' id='word_1_317' title='bbox 1243 2736 1323 2760; x_wconf 85' lang='lat' dir='ltr'>esse</span> <span class='ocrx_word' id='word_1_318' title='bbox 1348 2725 1595 2770; x_wconf 83' lang='lat' dir='ltr'>grammatico</span> <span class='ocrx_word' id='word_1_319' title='bbox 1620 2725 1737 2761; x_wconf 86' lang='lat' dir='ltr'>latino</span> 
     </span>
     <span class='ocr_line' id='line_1_42' title="bbox 193 2781 1736 2829; baseline 0 -11"><span class='ocrx_word' id='word_1_320' title='bbox 193 2784 242 2819; x_wconf 89' lang='lat' dir='ltr'>M.</span> <span class='ocrx_word' id='word_1_321' title='bbox 259 2784 450 2819; x_wconf 88' lang='lat' dir='ltr'>Aurelium</span> <span class='ocrx_word' id='word_1_322' title='bbox 480 2783 610 2820; x_wconf 88' lang='lat' dir='ltr'>scribit</span> <span class='ocrx_word' id='word_1_323' title='bbox 642 2783 872 2829; x_wconf 84' lang='lat' dir='ltr'>Capitolinus</span> <span class='ocrx_word' id='word_1_324' title='bbox 903 2783 941 2818; x_wconf 91' lang='lat' dir='ltr'>in</span> <span class='ocrx_word' id='word_1_325' title='bbox 970 2783 1058 2818; x_wconf 85' lang='lat' dir='ltr'>vita.</span> <span class='ocrx_word' id='word_1_326' title='bbox 1113 2783 1297 2818; x_wconf 82' lang='lat' dir='ltr'>Videatur</span> <span class='ocrx_word' id='word_1_327' title='bbox 1321 2781 1504 2826; x_wconf 85' lang='lat' dir='ltr'>Bergkius</span> <span class='ocrx_word' id='word_1_328' title='bbox 1539 2782 1578 2816; x_wconf 91' lang='lat' dir='ltr'>in</span> <span class='ocrx_word' id='word_1_329' title='bbox 1608 2782 1736 2818; x_wconf 87' lang='lat' dir='ltr'>Diario</span> 
     </span>
     <span class='ocr_line' id='line_1_43' title="bbox 194 2841 671 2887; baseline 0.002 -11"><span class='ocrx_word' id='word_1_330' title='bbox 194 2841 385 2886; x_wconf 88' lang='lat' dir='ltr'>Marburg.</span> <span class='ocrx_word' id='word_1_331' title='bbox 414 2844 520 2876; x_wconf 84' lang='lat'>1845.-</span> <span class='ocrx_word' id='word_1_332' title='bbox 539 2853 576 2887; x_wconf 89' lang='lat' dir='ltr'>p.</span> <span class='ocrx_word' id='word_1_333' title='bbox 596 2845 671 2877; x_wconf 88' lang='grc'><strong>119.</strong></span> 
     </span>
    </p>

    <p class='ocr_par' dir='ltr' id='par_1_12' title="bbox 309 2896 1362 2943">
     <span class='ocr_line' id='line_1_44' title="bbox 309 2896 1362 2943; baseline -0.001 -10"><span class='ocrx_word' id='word_1_334' title='bbox 309 2902 329 2933; x_wconf 86' lang='grc'><strong>9</strong></span> <span class='ocrx_word' id='word_1_335' title='bbox 354 2896 424 2939; x_wconf 82' lang='lat' dir='ltr'>Qui</span> <span class='ocrx_word' id='word_1_336' title='bbox 447 2897 614 2934; x_wconf 87' lang='lat' dir='ltr'>Marcum</span> <span class='ocrx_word' id='word_1_337' title='bbox 640 2897 688 2933; x_wconf 89' lang='lat' dir='ltr'>ad</span> <span class='ocrx_word' id='word_1_338' title='bbox 714 2910 891 2943; x_wconf 86' lang='lat' dir='ltr'>graecam</span> <span class='ocrx_word' id='word_1_339' title='bbox 915 2898 1167 2943; x_wconf 88' lang='lat' dir='ltr'>eloquentiam</span> <span class='ocrx_word' id='word_1_340' title='bbox 1192 2897 1362 2932; x_wconf 80' lang='lat' dir='ltr'>instituit.</span> 
     </span>
    </p>
   </div>
   <div class='ocr_carea' id='block_1_8' title="bbox 242 2957 1463 3005">
    <p class='ocr_par' dir='ltr' id='par_1_13' title="bbox 242 2957 1463 3005">
     <span class='ocr_line' id='line_1_45' title="bbox 242 2957 1463 3005; baseline -0.003 -2"><span class='ocrx_word' id='word_1_341' title='bbox 242 2978 376 3005; x_wconf 73' lang='lat' dir='ltr'>FRONT.</span> <span class='ocrx_word' id='word_1_342' title='bbox 396 2980 442 3002; x_wconf 84' lang='lat' dir='ltr'>ET</span> <span class='ocrx_word' id='word_1_343' title='bbox 460 2980 595 3005; x_wconf 79' lang='lat' dir='ltr'><strong>AUREL.</strong></span> <span class='ocrx_word' id='word_1_344' title='bbox 615 2979 736 3003; x_wconf 69' lang='lat' dir='ltr'><strong>EPIST·</strong></span> <span class='ocrx_word' id='word_1_345' title='bbox 1436 2957 1463 2999; x_wconf 70' lang='grc'><em>2</em></span> 
     </span>
    </p>
   </div>
  </div>
 </body>
</html>
