1968 3158
235 131 319 174 280

282 246 411 288 quidem
436 244 620 285 adspirare
637 242 727 275 iubet
747 243 985 284 grammaticus

282 301 417 343 quidam
430 301 465 331 in
478 299 615 331 Putsclz.
634 308 670 341 p.
687 300 786 331 2786.
815 298 867 339 Cf.
884 298 985 330 Cors-

690 103 882 162 mmcsss
907 125 971 160 AD
996 123 1308 160 FRONTONEM.

1065 241 1112 273 ad
1141 240 1346 273 Frontonem
1374 241 1491 282 ipsum.
1521 241 1574 283 Cf.
1605 242 1760 275 Corssen.

1041 285 1046 288 ’
1065 296 1213 339 Ausspr.
1237 293 1272 328 II
1295 305 1331 339 p.
1359 297 1413 328 82.

282 367 353 389 sen.
387 355 535 397 Ausspr.
562 353 579 387 I
615 364 651 397 p.
677 355 720 386 47
749 364 823 397 sqq.
866 354 984 387 Fleck-
1019 351 1062 385 In
1084 346 1150 395 pro
1174 350 1226 384 im
1250 364 1280 385 v.
1296 363 1349 395 qr.
1367 349 1577 394 inbecillus,
1599 351 1763 396 inbutus,

283 413 385 445 eisen.
412 412 559 453 Fitns'ziy
582 410 720 443 Artikel
742 421 778 454 p.
804 412 856 444 18.
899 411 984 444 Con-

282 473 340 500 tra
362 468 572 509 subtrabitur
587 468 621 499 in
639 465 857 500 exeredatus
881 477 917 510 p.
933 468 985 508 14,

284 522 383 557 erilis
407 534 443 567 p.
471 526 536 557 233
562 522 660 565 (erus
676 525 748 557 sine
769 525 901 567 adspir.
924 525 988 558 Isi·

284 579 395 622 dor.),
422 577 571 613 Gratius
595 591 630 624 p.
657 582 718 621 23,
745 589 851 613 umor
875 591 911 624 p.
933 583 987 623 71,

1065 405 1208 450 inlitus,
1232 405 1431 449 inmemor,
1462 406 1682 452 inmodicus,
1711 408 1764 444 in—

1065 462 1246 508 pendere,
1262 462 1426 507 inpetus,
1443 462 1644 508 inpetrare,
1661 463 1765 510 inpu-

1068 518 1167 562 dens,
1183 518 1358 564 inridere,
1374 519 1605 564 inridentius,
1623 519 1766 564 inrisus,

1067 575 1250 610 inritatus.

285 646 433 670 umerus
464 646 500 680 p.
535 638 586 670 71.
621 638 673 670 73.
707 638 760 670 92.
796 639 870 670 167.
911 639 988 680 229,
1022 632 1055 666 K
1076 645 1144 676 pro
1169 643 1204 675 e,
1235 632 1427 667 kommata
1456 644 1492 678 p.
1521 636 1596 668 151.
1630 633 1768 669 Korne-

285 691 424 726 arcium
462 704 528 735 pro
568 690 734 726 archium
773 702 809 736 p.
850 695 891 726 16
929 693 986 737 (cf.

284 749 441 793 emend),
452 747 602 792 pyrrica
617 759 652 793 p.
670 750 722 791 12,
741 747 989 797 Demostenen

286 817 322 850 p.
356 807 408 839 28.
456 806 683 847 Transfertur
710 804 844 839 inchoo
875 812 909 840 et
938 805 990 841 in—

289 861 381 896 coho
421 872 457 906 p.
502 864 582 904 103,
625 864 700 896 108.
749 860 923 897 Pulcrum
959 869 993 897 et

290 917 487 962 pulchrum
498 920 644 952 variant.
669 921 712 953 V.
726 920 877 962 Longum
890 923 989 954 2230.

289 977 342 1017 Cf.
371 976 528 1011 Corssen.
554 977 776 1019 Ausspraclce
800 974 835 1009 II
857 987 895 1020 p.
914 979 990 1011 232.

288 1033 499 1066 Fleckeisen.
533 1033 681 1075 Fiinfziy
705 1033 843 1066 Artiket
871 1043 911 1076 p.
935 1036 989 1067 31.

244 1090 471 1122 Helleni-smus
493 1086 686 1132 Apollonis
709 1099 744 1133 p.
773 1091 826 1124 68.

233 1143 257 1183 ,Ι
286 1156 354 1187 pro
386 1153 423 1185 6,
451 1142 665 1187 argentiola
694 1155 730 1189 p.
765 1148 828 1179 157
858 1152 893 1180 et
915 1147 996 1180 alibi

290 1198 527 1234 conticiscere
543 1211 578 1243 p.
601 1202 676 1243 145,
693 1204 770 1243 234,
788 1200 994 1237 delitiscere

1068 687 1186 723 lianus
1214 700 1250 734 p.
1278 692 1342 724 173
1365 693 1428 724 sed
1454 702 1562 734 supra
1586 688 1770 725 Cornelia.-

1069 756 1146 779 nus.
1182 747 1235 788 Cf.
1261 748 1412 790 Longum
1437 749 1526 782 2218
1550 754 1584 781 et
1608 749 1771 782 Scaurum

1071 803 1169 836 2253.
1217 803 1345 836 Rarum
1380 804 1476 849 lucius
1511 806 1646 838 litterae
1679 815 1772 838 usum

1069 860 1194 892 suadet
1217 859 1350 899 Quintil.
1377 858 1394 892 I
1419 862 1437 893 7
1470 862 1489 901 ἕ
1509 862 1560 894 10.
1594 858 1714 894 Karns
1739 866 1773 894 et

1072 925 1178 949 carus
1209 917 1353 949 uariant.
1393 914 1587 959 Karthago
1624 918 1658 950 in
1689 918 1771 951 Coa.

1071 973 1140 1005 Cic.
1167 974 1209 1005 de
1233 983 1309 1015 rep.
1333 974 1460 1012 variat,
1492 971 1517 1006 k
1542 984 1658 1016 nempe
1683 978 1717 1006 et
1741 983 1770 1007 c.

1072 1028 1146 1061 Sed
1167 1030 1202 1061 in
1226 1030 1400 1062 Frontone
1424 1039 1459 1072 p.
1487 1031 1568 1070 220,
1593 1031 1677 1070 221,
1709 1030 1775 1063 260

1072 1075 1232 1118 scribitur
1265 1095 1332 1127 per
1369 1095 1405 1126 c,
1444 1087 1535 1129 quod
1571 1091 1776 1128 postremum

1073 1142 1187 1174 melius
1226 1142 1360 1175 videtur
1405 1141 1527 1175 Bedae
1572 1143 1672 1176 2338.
1724 1143 1774 1184 Cf.

1076 1197 1232 1230 Corssen.
1261 1197 1407 1240 Ausspr.
1435 1196 1451 1230 Ι
1475 1208 1510 1241 p.
1539 1199 1569 1231 6.

289 1267 325 1299 p.
353 1258 412 1298 62,
437 1254 612 1291 luciscere
636 1268 672 1301 p.
702 1261 782 1300 103,
809 1258 883 1300 (sed
912 1260 993 1294 ibid.
1028 1251 1103 1294 Kh,
1128 1251 1294 1286 kharites
1318 1264 1353 1297 p.
1382 1255 1436 1287 28.

289 1310 488 1355 lucescere)
513 1312 768 1348 malivolentia
791 1325 826 1358 p.
848 1318 908 1357 59,
933 1315 995 1349 be·
1029 1308 1056 1342 L
1080 1321 1147 1352 pro
1170 1308 1213 1351 ll,
1239 1308 1350 1343 belua
1375 1316 1409 1342 et
1422 1307 1508 1344 ih‘GO
1525 1315 1559 1344 et
1577 1309 1680 1344 milia
1696 1322 1775 1345 con-

290 1366 495 1403 nivolentia
508 1380 544 1412 p.
566 1372 640 1404 172.
675 1363 727 1404 De
743 1372 796 1404 his
815 1376 996 1414 postremis

292 1425 421 1459 duobus
444 1428 611 1459 consentit
636 1427 739 1460 Beda
762 1430 865 1469 2331,
891 1426 994 1462 linia-

292 1480 460 1515 mentum
477 1492 512 1525 p.
533 1483 593 1523 95,
619 1481 842 1525 palliolatim
864 1494 900 1527 p.
921 1487 997 1526 157,

294 1536 424 1571 adoria
453 1548 490 1582 p.
525 1540 606 1580 120,
638 1541 721 1580 217,
748 1537 847 1572 vinia
878 1550 914 1583 p.
942 1543 997 1583 53,

295 1597 370 1628 223.
413 1594 466 1628 De
496 1592 605 1628 vinea
635 1601 668 1628 et
699 1593 799 1629 vinia
831 1597 999 1631 Cornutus

295 1652 352 1694 qui
367 1651 597 1694 differentiam
611 1653 808 1694 scripturae
820 1654 997 1696 improbat.

298 1708 349 1749 Cf.
384 1707 540 1742 Corssen.
577 1708 798 1751 Ausspraclze
822 1707 839 1742 I
860 1720 896 1753 p.
923 1712 999 1753 276,

297 1766 373 1798 302.

252 1819 267 1853 I
289 1832 356 1863 pro
381 1818 424 1862 ii,
450 1819 499 1854 ali
515 1831 550 1865 p.
573 1824 653 1863 172,
680 1822 939 1857 commentaris
963 1835 998 1868 p.

300 1878 384 1917 174,
410 1875 540 1920 egregi
563 1888 599 1921 p.
629 1880 709 1920 165,
734 1877 843 1913 fascis
867 1891 902 1924 p.
924 1882 1001 1923 218,

1074 1371 1207 1399 stanter
1249 1366 1324 1408 (sect
1367 1364 1468 1400 mille
1516 1372 1552 1400 et
1594 1365 1777 1411 milliens).

1076 1423 1190 1454 Etiam
1220 1420 1345 1455 belum
1375 1434 1440 1464 pro
1470 1421 1611 1456 bellum
1639 1433 1675 1467 p.
1703 1427 1780 1465 222,

1075 1476 1228 1521 paulum
1258 1480 1335 1511 item
1362 1490 1429 1520 pro
1458 1477 1625 1522 paullum
1654 1490 1690 1523 p.
1724 1481 1780 1522 81,

1077 1531 1270 1578 paululum
1285 1545 1320 1578 p.
1342 1536 1402 1577 75,
1421 1536 1501 1577 104,
1519 1540 1641 1569 contra
1657 1537 1784 1570 Scauri

1075 1596 1297 1634 pracceptum
1329 1593 1434 1633 2256,
1472 1593 1529 1635 qui
1559 1593 1666 1626 scribi
1694 1594 1783 1626 iubet

1079 1660 1150 1682 cum
1167 1649 1295 1691 duplici
1307 1646 1330 1681 1.
1365 1649 1496 1682 Contra
1512 1647 1539 1681 ll
1553 1660 1620 1691 pro
1641 1647 1671 1690 l,
1697 1658 1783 1692 que-

1079 1703 1171 1738 rella
1194 1715 1229 1748 p.
1250 1706 1303 1737 91.
1332 1705 1412 1746 116,
1437 1702 1630 1748 sepellitur
1660 1715 1696 1749 p.
1730 1707 1782 1738 16.

1081 1759 1253 1802 Querella
1277 1763 1446 1794 recentius
1468 1762 1573 1795 scribi
1592 1766 1692 1804 putat
1715 1763 1784 1795 Pa-

1076 1820 1234 1862 pirianus
1250 1820 1356 1860 2290,
1379 1818 1549 1861 improbat
1564 1818 1666 1851 Beda
1682 1820 1782 1852 2343.
1799 1860 1803 1861 ⁷

1082 1876 1135 1918 Cf.
1168 1875 1326 1910 Corssen.
1336 1875 1482 1917 Ausspr.
1493 1873 1509 1907 Ι
1522 1884 1558 1918 p.
1568 1873 1665 1916 81,Π
1677 1885 1713 1918 p.
1728 1877 1783 1908 37.

298 1931 417 1966 isdem
440 1944 476 1977 p.
495 1935 554 1976 86,
578 1932 708 1968 librari
731 1946 766 1979 p.
791 1938 870 1979 191,
895 1947 1001 1981 prae·
1035 1931 1112 1966 Mm
1135 1943 1202 1975 pro
1225 1941 1280 1973 m,
1305 1929 1508 1964 comminus
1531 1941 1566 1974 p.
1589 1933 1672 1973 226,
1696 1929 1786 1965 lam-

299 1988 370 2022 mis
401 2001 437 2034 p.
472 1992 554 2032 193,
585 1990 749 2034 precaris
778 2003 813 2036 p.
841 1997 900 2036 53³,
930 1993 1003 2038 pri-

1073 1987 1184 2022 *mina
1207 1998 1243 2031 p.
1272 1989 1346 2021 157.

299 2043 395 2079 mari
424 2056 461 2089 p.
496 2048 577 2088 165,
610 2045 708 2080 Tulli
743 2059 778 2092 p.
819 2052 900 2091 149,
938 2054 1001 2086 221
1038 2044 1076 2078 Μ
1097 2057 1164 2088 pro
1194 2055 1234 2086 n,
1264 2043 1467 2087 temptare,
1499 2036 1786 2088 pedetemptim,

303 2102 379 2145 (sed
402 2100 513 2135 Tullii
536 2113 572 2146 p.
600 2103 673 2145 93),
704 2103 940 2140 tumultuaris
965 2118 1000 2152 p.

304 2161 384 2200 151,
411 2157 613 2192 voluntaris
637 2170 672 2203 p.
700 2162 777 2195 216.
811 2163 906 2196 Alibi
926 2165 1004 2206 fere

302 2214 338 2248 ii.
380 2216 511 2248 Rursus
541 2213 554 2248 i
582 2228 648 2259 pro
677 2215 704 2250 ii
737 2224 934 2252 constanter
969 2223 1005 2253 in

304 2272 499 2314 compositis
516 2283 538 2304 a
553 2269 666 2314 iacio,
684 2270 841 2317 adicere,
857 2273 1005 2318 inicere,

1083 2098 1338 2134 volumtarius.
1370 2101 1539 2143 Cornutus
1553 2101 1684 2143 quidem
1697 2103 1786 2135 2285

1085 2163 1118 2191 et
1144 2158 1326 2191 Caesellius
1350 2157 1439 2190 2314
1463 2161 1497 2189 et
1520 2157 1680 2190 Isidorus
1699 2158 1786 2199 ori9.

1084 2212 1101 2247 I
1125 2215 1168 2247 27
1185 2214 1297 2246 iubent
1315 2213 1420 2245 scribi
1442 2210 1584 2245 tamtus
1602 2218 1636 2245 et
1660 2223 1786 2256 quam-

1084 2269 1160 2311 tus3
1184 2280 1209 2302 n
1230 2280 1298 2312 pro
1322 2278 1376 2310 m,
1401 2266 1576 2302 redentus
1600 2279 1637 2312 p.
1665 2271 1740 2303 196.

305 2327 485 2361 subicere.
526 2328 579 2370 Cf.
612 2329 769 2363 Corssen.
810 2331 955 2375 Ausspr.
991 2331 1008 2365 I
1041 2325 1074 2360 N
1098 2327 1284 2365 redundat,
1311 2322 1452 2358 manlui
1474 2335 1510 2368 P·
1538 2326 1604 2359 235
1630 2324 1692 2368 (Et
1716 2328 1791 2369 qui-

304 2395 341 2428 p.
370 2386 450 2426 127,
475 2386 557 2425 309,
581 2383 617 2417 Π
639 2395 675 2428 p.
704 2387 779 2419 162.

261 2440 277 2474 I
301 2441 529 2482 subtrahitur,
546 2439 700 2484 plebeus
728 2452 764 2485 p.
795 2445 847 2476 18.
887 2442 1008 2477 Auda-

308 2498 386 2531 cter
403 2502 436 2531 et
452 2494 643 2531 audaciter
661 2500 795 2532 variant
812 2509 847 2543 p.
868 2499 928 2542 48,
955 2503 1009 2542 97,

308 2566 446 2598 quorum
461 2559 664 2597 postremum
676 2557 883 2598 praeferunt
897 2557 1011 2599 Caper

309 2612 412 2652 2246,
458 2611 558 2644 Beda
601 2612 699 2644 2328.
753 2612 803 2653 Cf.
849 2613 1009 2646 Corssen.

244 2712 246 2714 Ι
310 2670 457 2710 Ausspr.
483 2665 518 2699 II
534 2677 569 2709 p.
591 2668 666 2700 149.
686 2685 728 2691 —
752 2669 825 2702 Pro
847 2666 916 2702 iste
939 2666 1012 2702 ista

1089 2385 1162 2417 dem
1190 2380 1305 2415 malui
1334 2392 1369 2425 p.
1403 2381 1478 2424 37),
1506 2379 1728 2415 thensaurus
1750 2393 1787 2426 p.

1090 2442 1143 2474 37.
1192 2441 1372 2472 Postrema
1408 2449 1477 2472 voae
1513 2444 1711 2472 constanter
1740 2441 1790 2472 ita

1088 2497 1249 2530 scribitur
1280 2497 1313 2528 in
1343 2496 1492 2538 antiquis
1521 2490 1620 2529 codd.
1653 2500 1791 2530 contra-

1090 2555 1223 2586 dicente
1275 2553 1497 2596 nequicquam
1535 2552 1651 2595 Capro
1691 2555 1789 2587 2239.

1091 2606 1474 2650 Desiderantissimus,
1513 2610 1588 2642 vide
1621 2619 1728 2652 supra
1758 2611 1793 2642 in

1092 2667 1212 2699 Indice
1237 2667 1450 2699 Latinitatis.
1484 2678 1487 2681 ·

310 2722 408 2756 istud
440 2726 554 2766 prima
591 2735 706 2756 manus
738 2735 843 2767 saepe
873 2727 1012 2767 scripsit
1046 2722 1081 2756 N
1104 2725 1139 2756 in
1163 2727 1285 2766 quarto
1309 2733 1390 2755 casu
1415 2724 1548 2764 primae
1574 2722 1791 2764 Graecorum,

312 2778 366 2812 ste
384 2778 441 2813 sta
458 2778 552 2822 stud,
571 2781 663 2823 quod
678 2783 790 2813 altera
805 2791 921 2813 manus
938 2792 1012 2815 cor-

311 2837 415 2869 reaeit.
447 2837 619 2869 Debuerat
636 2837 698 2869 hoc
713 2838 851 2879 saepius
865 2838 1015 2870 indicari

1092 2777 1310 2812 Alcibiaden
1339 2788 1375 2822 p.
1410 2780 1482 2820 53,·
1508 2779 1587 2817 143,
1620 2776 1794 2811 Heroden

1092 2846 1128 2880 p.
1156 2837 1216 2877 43,
1247 2832 1420 2879 Apellen,
1450 2832 1630 2876 Nealcen,
1661 2831 1794 2867 Nician
