1968 3158
245 168 299 209 32
526 163 571 197 M.
594 159 816 196 CORNELII
841 154 1117 192 FRONTONIS
1141 154 1481 190 EPISTULARUM

246 282 287 319 et
319 277 522 319 concubia
553 276 692 325 nocte,
725 275 819 313 dum
850 285 892 311 se
922 275 1158 321 intempesta
1189 283 1286 322 nox,
1317 271 1365 309 ut
1397 269 1458 310 ait
1487 269 1546 310 Μ.
1572 268 1762 322 Porcius,

239 348 507 397 praecipuas,
549 340 694 380 eodem
723 338 846 379 modo
876 336 1133 391 perseverat.
1196 335 1278 378 Sed
1309 335 1417 395 quid,
1440 350 1538 390 ego,
1571 336 1643 390 qui
1672 336 1760 377 me'

245 410 422 465 paucula
465 407 720 460 scripturum
760 405 955 460 promisi,
1003 402 1316 445 delenimenta?
1359 403 1630 444 masuriana3
1667 417 1764 444 con-

244 477 376 531 gero?
411 475 549 529 Igitur
578 473 685 527 vale,
719 473 924 527 magister
954 471 1276 526 benignissime,
1310 469 1457 512 consul
1489 470 1761 524 amplissime,

243 546 285 584 ct
315 557 381 583 mc
411 543 617 595 quantum
649 554 765 581 amas
794 541 964 580 tantum
994 539 1199 580 desidera.

650 708 760 751 VII.
804 708 994 752 Caesari
1027 705 1123 751 Suo
1155 707 1343 750 Consul.

353 811 495 852 Meum
523 811 702 852 fratrem
731 810 918 864 beatum,
937 810 1022 876 ‘qui
1051 824 1126 851 vos
1156 810 1202 850 in
1231 809 1315 850 isto
1335 809 1463 850 biduo
1495 809 1671 851 viderit!
1703 809 1765 850 At
1813 823 1817 828 ·

242 879 511 935 ego-Romae
542 878 668 919 hereo
710 877 968 932 conpedibus
1000 877 1137 918 aureis
1167 877 1357 918 vinctus:
1396 891 1476 918 nec
1515 877 1640 918 aliter
1675 876 1761 918 kal.

242 949 348 1001 sept.
381 947 579 1000 expecto,
621 960 748 1000 quam
778 944 1061 999 superstitiosi
1092 944 1280 998 stellam,
1327 959 1410 999 qua
1440 944 1530 986 visa
1559 942 1764 985 ieiunium

242 1014 499 1068 polluant⁴³.
561 1012 668 1054 Vale
699 1011 868 1065 Caesar,
909 1011 1036 1053 decus
1073 1011 1239 1065 patriae
1276 1013 1319 1052 et
1357 1011 1522 1052 romani
1560 1011 1760 1053 nominis.

240 1081 361 1135 Vale,
394 1080 589 1121 Domine.
749 1078 752 1082 ’

741 1215 881 1258 VIII.
921 1215 1124 1258 Domino
1154 1214 1270 1258 Meo.

353 1307 384 1362 ’ἥ
405 1306 599 1348 Gratiam
628 1320 766 1347 meam
787 1306 884 1348 misi
915 1306 967 1347 ad
998 1293 1109 1347 diein
1138 1305 1328 1346 natalem
1357 1305 1507 1346 matris
1536 1307 1648 1347 tuae·
1659 1305 1764 1348 cele-

241 1373 448 1414 brandum
460 1374 590 1435 pique
607 1363 819 1428 praecepi,
847 1375 895 1414 ut
917 1373 1015 1414 istic
1032 1373 1282 1414 subsisteret
1306 1373 1443 1428 quoad
1461 1387 1540 1428 ego
1558 1374 1761 1415 venirem.

206 1468 211 1471 -
240 1441 399 1482 Eodem
430 1434 573 1482 aiitem
602 1443 840 1495 momento,
882 1455 963 1496 quo
1004 1440 1269 1482 consulatum
1307 1441 1522 1483 eiuravero
1532 1441 1562 1495 ⁶,
1594 1440 1774 1489 vehicu-,

188 1550 190 1553 ,
238 1508 324 1548 lum
356 1509 638 1550 conscendam
669 1510 713 1549 et
743 1508 796 1549 ad
826 1523 899 1550 vos
930 1508 1172 1563 pervolabo.
1220 1508 1400 1550 Interim
1431 1508 1606 1550 Gratiae
1642 1523 1762 1550 meae

239 1576 401 1631 nullum
432 1591 456 1617 a
484 1576 598 1617 fame
619 1576 854 1631 perieulum
883 1576 978 1622 fore
1005 1576 1087 1617 fide
1108 1590 1202 1617 mea
1233 1576 1457 1631 spopondi:
1489 1578 1627 1618 mater
1648 1577 1763 1618 enim

238 1645 311 1683 tua
348 1643 579 1698 particulas
629 1658 653 1684 a
689 1645 732 1684 te
771 1643 852 1685 sibi
882 1644 1034 1685 missas
1081 1658 1175 1685 cum
1222 1643 1379 1684 clienta
1417 1644 1760 1686 communicabit.

239 1710 386 1765 Neque
432 1713 496 1752 est
541 1711 691 1753 Gratia
740 1718 862 1765 mea,
911 1714 959 1752 ut
1003 1711 1309 1752 causidicorum
1354 1725 1505 1753 uxores
1549 1712 1760 1766 feruntur,

239 1778 361 1819 multi
393 1778 495 1832 cibi3
533 1779 599 1819 vel
639 1778 793 1819 osculis
833 1779 977 1819 solis7'
1002 1778 1151 1819 matris
1189 1776 1288 1820 tuae
1325 1780 1528 1820 contenta
1565 1779 1761 1820 vixerit.⁸

351 1925 373 1947 a
396 1916 439 1948 In
464 1918 629 1958 maryine:
654 1914 795 1948 Romae
818 1913 853 1948 h.
874 1925 903 1948 c.
923 1924 955 1948 a.
977 1925 1007 1948 u.
1035 1924 1103 1948 uec
1119 1913 1286 1948 kalendis
1311 1914 1420 1948 aliter
1445 1925 1527 1959 exp.
1546 1935 1589 1939 —
1604 1915 1759 1960 pollunt.

351 2066 368 2094 1
395 2055 500 2095 Cod.{
526 2075 574 2096 me
599 2065 666 2106 qui.

350 2121 369 2151 2
393 2117 451 2151 Ita
475 2116 607 2152 Codex.

349 2178 369 2208 3
392 2173 573 2208 Masurius
599 2173 783 2208 celebrem
807 2173 852 2208 de
876 2172 956 2208 iure
988 2172 1084 2208 civili
1114 2171 1251 2208 librum
1281 2173 1444 2219 scripsit,
1480 2186 1590 2219 quem
1613 2174 1760 2211 Persius

236 2228 280 2264 V.
298 2233 341 2264 90
364 2232 530 2264 rubricam
555 2230 731 2275 appellat.
783 2233 962 2265 Rubricam
985 2231 1109 2264 autem
1133 2230 1175 2263 ut
1198 2230 1389 2274 vulgarem
1405 2230 1607 2275 tritamque
1626 2232 1759 2267 doctri-

237 2296 323 2320 nam
348 2285 488 2330 spernit
513 2286 786 2330 quodammodo
809 2285 1076 2328 Quinctilianus
1098 2286 1186 2320 Inst.
1213 2285 1291 2320 XII.
1318 2290 1349 2321 3.
1415 2285 1475 2321 Sic
1499 2298 1588 2332 ergo
1613 2287 1758 2323 Marciis

235 2341 398 2385 loquitur
429 2341 473 2376 de
505 2342 729 2386 quotidianis
759 2343 868 2377 rebus
900 2345 937 2376 et
965 2342 1069 2377 flocci
1099 2341 1286 2377 faciendis.
1347 2345 1478 2384 Maius,
1510 2342 1573 2387 qui
1604 2355 1626 2378 a
1655 2344 1759 2379 Butt-

235 2409 370 2433 manno
396 2409 461 2432 sua
486 2398 676 2433 derivavit.

346 2458 368 2488 4
393 2453 788 2499 Schopenusssolvanc.
819 2454 989 2500 Nigidius
1014 2454 1114 2500 apud
1137 2454 1318 2489 Isidorum
1354 2455 1446 2500 orig.
1464 2455 1541 2491 XX.
1562 2460 1592 2491 2.
1616 2461 1671 2492 10:
1698 2471 1759 2493 nos

235 2513 302 2550 ipsi
324 2514 447 2544 ieiunia
471 2514 647 2545 ientaculz's
676 2514 799 2546 levibus
819 2515 1006 2556 polluimus.
1039 2511 1176 2547 Locum
1193 2511 1292 2546 Maio
1318 2511 1446 2547 debeo.
1484 2511 1618 2547 Itidem
1636 2512 1758 2548 videa,-

236 2566 295 2599 tur
319 2566 451 2600 Athen.
478 2566 538 2602 IV.
565 2579 601 2612 p.
623 2571 696 2603 156.
1377 2608 1389 2612 -

348 2626 367 2656 5
393 2621 526 2667 Incipit
551 2622 822 2659 Cod.Ambros.
847 2636 882 2670 p.
895 2629 958 2660 107
990 2636 1073 2660 cum
1095 2624 1350 2670 inscriptione:
1375 2623 1589 2660 EPISTVL.
1615 2625 1681 2659 AD
1705 2625 1753 2661 M.

348 2681 368 2712 6
392 2678 589 2713 Herodian.
615 2679 676 2714 IV.
696 2685 732 2715 3:
765 2681 816 2716 εἰ(
846 2683 918 2725 τὴν
949 2682 1104 2725 ἀρχαίαν
1136 2682 1277 2725 ἀγορὰν
1309 2681 1562 2725 προτιθέαειν,
1601 2672 1691 2716 {voa
1720 2683 1756 2717 οἱ

235 2734 408 2775 Ῥωμαῖοι
434 2735 611 2776 ἄρχοντε(
637 2737 881 2779 ἀπόμνυνται.
929 2741 1055 2774 Maius.

348 2793 367 2823 7
392 2789 510 2823 Maius
535 2791 669 2826 omisit.

347 2847 367 2878 8
393 2844 511 2879 Maius
536 2857 750 2891 perperam:
777 2853 852 2884 crit.
