1968 3158
361 175 427 212 AD
451 174 625 211 VERUM
648 174 811 212 IMPER.
838 174 1098 212 AURELIUM
1122 173 1381 211 CAESAREM
1403 174 1550 210 LIBER
1573 174 1617 210 II.
1689 175 1768 218 133

543 289 626 334 VI.
665 280 891 334 vDomino
922 289 1023 334 Meo
1054 289 1180 333 Vero
1211 287 1445 344 Augusto.

341 404 618 414 .......
655 370 685 427 Ι1
710 370 842 412 animi
864 370 947 412 mei
970 369 1295 425 perturbatione
1315 384 1404 412 non
1423 370 1641 426 ¹possem2.
1685 369 1768 412 Sed

222 440 412 496 acceptis
442 439 599 481 litteris
621 439 722 493 tuis,
756 453 806 480 ea
826 452 872 479 re
893 438 981 479 iam
1011 437 1198 492 primum
1228 438 1341 480 bona
1362 452 1459 493 spes
1490 437 1595 481 mihi
1627 440 1768 481 osten-

220 510 314 551 tata
345 510 430 563 est,
463 507 575 563 quod
604 509 682 549 tua
710 520 844 548 manu
873 506 1129 561 scripseras:
1180 506 1334 548 deinde
1364 506 1477 561 quod
1507 509 1606 562 post
1637 507 1767 562 apsti-

220 576 417 619 nentiam
446 575 579 618 tridui
610 577 653 617 et
683 574 942 630 sanguinem
972 573 1078 615 satis
1107 575 1283 616 strenue
1314 576 1357 616 et
1387 577 1584 630 prompte
1616 575 1767 617 demis-

221 659 316 687 sum
329 645 358 700 ³,
391 643 622 686 liberatum
652 656 744 684 esse
774 643 818 684 te
848 641 1041 698 periculo
1071 641 1350 697 inpendentis
1376 642 1636 685 valetudinis
1657 658 1766 685 nun-

220 713 376 756 tiabas.
437 710 667 767 Respirabi
704 710 840 766 igitur
871 712 914 752 et
943 710 1129 764 revalui,
1163 712 1207 752 et
1237 711 1376 766 apud⁴
1415 711 1555 753 omnis
1586 711 1764 768 foculos,

221 795 332 836 aras,
364 781 491 823 lucos.
513 793 673 833 sacros,
707 779 879 821 arbores
902 779 1118 832 sacratas,
1141 793 1246 820 nam
1275 793 1374 821 rure
1405 780 1602 836 agebam,
1636 780 1766 836 supli-

222 849 354 892 cavi⁵.
388 847 446 890 Et
461 862 579 890 nunc
597 849 775 903 expecto
793 861 1053 904 cognoscere
1075 861 1127 888 ex
1147 847 1233 889 tuis
1255 846 1426 902 litteris,
1449 850 1660 903 quantum
1680 863 1766 890 me-

221 917 305 960 dici
334 916 408 959 isti
429 916 518 958 dies
542 916 836 972 promoverint
857 915 911 958 ad
931 915 1043 957 vires
1073 914 1342 958 reficiendas.
1384 915 1618 958 Enimvero
1648 931 1766 958 nune

219 985 380 1028 maiore
410 984 546 1027 multo
577 999 679 1027 cura
710 983 1022 1040 diligentiaque
1053 997 1158 1039 opus
1191 985 1277 1038 est,
1310 985 1360 1025 ut
1389 984 1602 1039 paulatim
1631 986 1766 1027 temet

221 1053 483 1109 compleas²³,
529 1067 611 1095 nec
647 1066 850 1108 properes
891 1052 944 1094 ad
985 1051 1244 1094 detrimenta
1282 1051 1438 1094 virium
1477 1053 1763 1096 resarcienda.

220 1121 334 1164 Nam
363 1122 407 1164 id
437 1122 608 1177 quidem
637 1121 829 1163 omnium
859 1120 1062 1176 opinione
1093 1121 1360 1176 compertum
1382 1122 1425 1162 et
1445 1121 1654 1163 traditum
1684 1123 1762 1176 est,

220 1189 501 1246 sanguinem,
533 1189 608 1232 ubi
639 1189 853 1243 abundet,
896 1188 1105 1231 incursim
1136 1187 1470 1244 detrahendum,
1513 1191 1663 1244 postea
1694 1204 1765 1245 pe-

221 1259 476 1324 detemptim
507 1272 597 1300 esse
627 1257 915 1314 reparandum
926 1257 958 1299 b.

332 1326 441 1382 Fac,
474 1341 548 1369 oro
577 1328 621 1368 te
652 1328 696 1368 et
725 1325 916 1380 obsecro,
949 1324 1156 1381 Domine,
1189 1325 1302 1382 quod
1331 1327 1407 1368 tuo
1438 1326 1613 1382 egregio
1644 1326 1764 1383 inge-

218 1396 292 1438 nio
321 1395 464 1450 decet,
496 1397 710 1451 temperes
742 1396 785 1436 et
812 1409 1014 1450 reparcas
1036 1396 1078 1436 et
1098 1394 1355 1437 modificeris
1377 1395 1598 1437 desideriis
1629 1395 1764 1437 omni-

220 1464 324 1519 bus,
364 1478 474 1520 quae
510 1478 628 1506 nunc
659 1463 824 1505 acriora
856 1462 981 1505 solito
1018 1465 1062 1505 et
1095 1463 1345 1518 procaciora
1376 1464 1558 1506 existere
1588 1478 1763 1506 necesse

219 1534 285 1575 est
314 1534 413 1588 post
442 1531 768 1587 apstinentiam,
801 1546 886 1587 qua
915 1531 1159 1574 necessario
1189 1531 1237 1573 in
1265 1531 1511 1587 temfl⁶pore
1541 1547 1643 1574 usus
1675 1533 1759 1574 es⁷.

218 1600 416 1643 Fratrem
443 1600 663 1642 dominum
684 1600 825 1641 saluta
835 1599 865 1654 ⁸,
898 1614 1025 1655 quem
1056 1599 1219 1642 salvom
1248 1599 1449 1656 habebis,
1483 1600 1520 1642 si
1549 1602 1596 1642 tu
1618 1600 1762 1643 salvus

219 1669 317 1718 eris.
378 1668 487 1711 Vale
517 1668 702 1710 Domine
733 1666 991 1710 dulcissime.

528 1759 640 1803 VII.
692 1758 818 1802 Vero
847 1756 1067 1813 Augusto
1096 1758 1300 1802 Domino
1330 1758 1447 1802 Meo.

332 1839 504 1890 Quanta
534 1841 578 1881 et
607 1853 736 1895 quam
771 1840 894 1881 vetus
924 1838 1199 1881 familiaritas
1237 1838 1345 1880 mihi
1381 1839 1625 1881 intercedat
1663 1854 1758 1881 cum

219 1909 355 1952 Gavio
387 1908 533 1963 Claro,
574 1907 821 1950 meminisse
851 1908 914 1962 te,
947 1906 1152 1962 Domine,
1185 1906 1384 1949 arbitror.
1446 1907 1515 1949 Ita
1546 1922 1674 1963 saepe
1706 1908 1757 1950 de

331 2023 354 2047 a
378 2014 401 2046 I
402 2026 423 2046 n
439 2015 606 2056 margine:
629 2008 771 2045 Maiore
785 2019 878 2055 opus
893 2010 951 2045 est
963 2008 1159 2054 diligentia
1172 2009 1214 2044 ut
1225 2008 1409 2054 paulatim
1421 2010 1541 2045 temet
1554 2009 1754 2055 compleas.

330 2068 356 2104 b
381 2071 425 2103 In
450 2071 616 2113 maryine:
643 2065 872 2112 Sanguinem
897 2085 939 2091 —
964 2065 1227 2111 reparandum.

333 2164 350 2195 1
374 2159 511 2206 Incipit
535 2157 624 2194 Cod.
650 2171 686 2204 p.
712 2161 791 2194 434.

331 2221 350 2251 2
377 2216 524 2262 Scripta
549 2216 607 2251 est
629 2215 724 2250 haec
748 2213 911 2260 epistula
935 2214 983 2250 ad
1007 2213 1158 2258 Verum,
1184 2213 1249 2258 qui
1273 2214 1362 2249 dum
1386 2214 1435 2249 ad
1454 2214 1596 2250 bellum
1611 2215 1756 2251 Parthi-

218 2285 303 2309 cum
325 2272 641 2319 proficisceretur,
679 2270 829 2307 Canusii
854 2271 902 2306 ob
925 2270 1258 2316 intemperantiam
1282 2270 1506 2316 aegrotavit.
1557 2271 1755 2317 Temporis

218 2331 343 2366 autem
367 2330 470 2365 nulla
494 2329 626 2365 habita
649 2328 747 2363 ratio
773 2329 846 2373 est,
882 2329 924 2363 ut
947 2327 1067 2371 vides,
1105 2327 1153 2363 ab
1183 2326 1248 2362 illo
1272 2328 1399 2363 vetere
1423 2327 1573 2363 homine
1599 2327 1663 2373 qui
1687 2328 1761 2365 has

217 2387 397 2433 epistulas
422 2385 617 2431 disposuit.
667 2387 794 2420 Maius.
1177 2390 1179 2392 '

330 2448 350 2478 3
376 2441 478 2478 Corr.
511 2445 673 2477 emissum.
724 2445 957 2486 Heindorfius.
1005 2440 1156 2484 Medici,
1188 2441 1344 2477 notante
1368 2440 1600 2485 Ecksteinio‚
1626 2441 1755 2477 dicunt

214 2503 411 2546 sanquinem
434 2503 577 2539 mittere,
605 2498 648 2533 of.
676 2497 769 2534 Cels.
795 2498 841 2533 II.
869 2502 921 2534 10.

332 2560 353 2591 4
378 2555 437 2590 Ita
461 2554 596 2598 Codex,
621 2565 696 2590 non
720 2562 814 2599 aput.

330 2616 351 2648 5
375 2612 434 2647 Ita
459 2610 595 2647 Codex.
643 2610 731 2646 Mox
754 2610 940 2657 Hauptius
964 2611 1155 2647 emendat:
1194 2617 1322 2656 expeto
1348 2623 1555 2655 coynoscere
1587 2611 1625 2646 et
1649 2615 1753 2647 medii

215 2673 272 2705 isti
296 2673 380 2704 (lies.

330 2730 350 2760 6
375 2724 511 2771 Incipit
535 2724 624 2761 Cod.
647 2736 684 2770 p.
709 2727 788 2760 433.

330 2785 349 2817 7
375 2780 516 2817 Codex:
542 2789 606 2816 est.

329 2843 349 2874 8
373 2837 561 2873 Videlicet
591 2837 640 2873 ad
668 2836 863 2873 visendum
891 2836 1032 2873 Verum
1070 2838 1332 2883 aegrotantem
1367 2838 1515 2874 Marcus
1551 2838 1750 2874 Canusium

216 2894 471 2931 contenderat.
521 2893 720 2940 Capitolin.
747 2893 787 2929 in
810 2894 910 2930 Vero
935 2906 964 2930 c.
992 2898 1025 2930 6.
1075 2897 1203 2930 Maius.
