1968 3158
263 161 343 202 112
550 158 598 193 M.
618 156 844 193 CORNELII
867 156 1144 192 FRONTONTS
1169 155 1510 193 EPISTULARUM

781 315 872 359 IX.
917 294 1119 360 Domino
1149 315 1266 358 Meo.

373 407 464 448 Has
493 407 657 448 interea
687 406 904 448 orationes
931 406 1105 448 mittito.
1165 406 1218 448 In
1248 406 1288 447 le
1311 439 1319 448 .
1344 406 1381 448 ‚¹
1413 406 1518 448 duas
1546 407 1661 462 delig
1683 441 1692 449 .
1717 441 1726 450 .
1751 407 1788 449 ‚2

769 520 833 563 X.
867 519 899 576 13
929 519 1131 563 Domino
1161 519 1277 562 Meo.

376 609 1786 666 ..post..per..quid..ing..nustibietcud..

259 682 325 720 ter
358 713 366 721 .
402 714 409 720 .
445 713 452 720 .
484 693 574 720 non
606 712 613 720 .
649 712 657 720 .
695 680 817 733 potes
859 712 867 719 .
902 712 910 720 .
949 678 1141 720 nondum
1180 711 1188 719 .
1223 712 1231 719 .
1267 711 1275 719 .
1315 677 1458 732 aliqua
1494 677 1542 718 in
1574 711 1582 719 .
1617 712 1624 719 .
1661 711 1668 719 .
1703 679 1786 719 tus.

260 747 354 789 Nisi
389 781 395 788 .
432 781 438 788 .
472 761 539 789 res
573 780 581 788 .
616 780 624 788 .
658 746 748 788 ad4.

642 859 734 902 XI.
778 859 1007 913 Magistro
1037 859 1139 902 Meo
1170 857 1403 903 Salutem.

376 951 837 993 ..ne..sum..⁵

831 1121 1220 1177 Fragmentum.

374 1210 487 1252 Male
516 1226 597 1266 me,
630 1211 788 1266 Marce,
821 1213 1079 1266 praeteritae
1108 1211 1222 1253 vitae
1252 1224 1371 1251 meae
1401 1209 1636 1264 paenitet.⁶

377 1375 394 1404 1
421 1369 559 1415 Supple
585 1370 748 1415 quinque
772 1370 927 1405 litteras,

375 1430 395 1460 2
421 1425 609 1471 Suppletis
635 1426 796 1471 quatuor
819 1426 897 1462 fere
919 1426 1043 1461 verbis
1060 1426 1212 1471 explicit
1228 1425 1448 1462 brevissima
1465 1424 1634 1470 epistula.
1662 1427 1788 1460 Maius.

374 1487 395 1517 3
419 1481 552 1527 Incipit
577 1481 665 1517 Cod.
690 1483 861 1518 Ambros.
888 1495 924 1528 p.
944 1487 986 1518 71
1012 1494 1127 1518 erasa.

373 1542 395 1573 4
419 1539 461 1573 In
484 1539 541 1573 his
564 1539 706 1574 lacunis
730 1539 844 1585 periit
866 1549 984 1584 prope
1008 1539 1227 1574 laterculum
1248 1540 1455 1574 unum'cum
1471 1538 1635 1573 dimidio.
1662 1540 1790 1573 Maius.

375 1598 395 1629 5
419 1595 619 1639 Reliquum
642 1596 700 1630 est
724 1595 918 1630 dimidium
941 1595 1162 1630 laterculum
1188 1595 1456 1631 oblitteratum.
1506 1597 1633 1631 Maius.

375 1656 395 1686 6
421 1651 607 1687 Charisius
631 1652 724 1687 haec
746 1652 877 1687 laudat
900 1664 935 1697 p.
951 1655 1018 1688 206
1041 1651 1134 1687 Keil.
1162 1663 1206 1687 ex
1222 1651 1410 1687 Frontone
1435 1652 1483 1687 ad
1495 1651 1722 1687 Antoninum
1738 1651 1791 1686 in-

260 1708 377 1743 vicem
403 1708 466 1743 lib.
493 1709 537 1743 II.
