1968 3158
298 174 377 216 168
577 173 624 207 M.
645 172 872 208 CORNELII
896 141 1539 212 FRONTONIS.EPISTULARUM

295 286 409 328 suasi
422 286 448 340 ¹,
481 286 540 327 mi
560 285 720 327 Fronto
735 285 972 341 karissime,
1005 286 1072 328 vel
1094 288 1322 343 praecipue
1351 287 1469 331 hunc
1491 290 1615 345 diem,
1648 306 1735 347 quo
1755 307 1823 334 me

296 354 510 408 suscipere
540 352 654 394 hanc
685 353 917 395 stationem
947 354 1132 409 placuit,
1174 369 1199 396 a
1228 357 1272 397 te
1301 356 1572 411 potissimum
1601 373 1698 401 vere
1727 360 1823 402 reli-

294 422 495 476 gioseque
527 420 747 462 celebrari.
809 420 869 463 Et
899 436 978 477 ego
1009 422 1179 477 quidem
1208 425 1251 465 et
1282 425 1379 466 vota
1408 426 1483 466 tua
1521 427 1563 467 et
1592 426 1635 468 te
1664 429 1821 481 mente,

294 490 342 530 ut
371 503 450 543 par
481 490 586 543 erat,
619 490 984 546 repraesentavi?
1020 522 1042 555 ·.
1065 524 1605 536 .............

652 578 762 621 vn.
824 580 987 636 (cavio
1017 581 1227 626 Maximo
1258 582 1477 638 Fronto.)
1534 567 1537 569 ’

408 657 515 700 Cum
545 658 828 713 gravitatem3
860 693 1087 703 ......
1129 661 1262 703 Dolor
1290 662 1538 705 iracundiae
1570 663 1825 706 coniunctus

294 727 483 768 mentem
512 725 699 768 hominis
729 728 1000 782 perturbavit
1041 762 1048 770 .
1084 763 1092 770 .
1127 763 1135 771 .
1196 729 1441 788 Virtutibus
1473 732 1626 773 ceteris
1655 731 1823 774 iracun-

294 794 364 835 dia
393 808 605 835 venenum
638 809 687 836 ac
716 795 928 850 pernicies
958 796 1043 838 fuit
1075 830 1391 840 ........
1446 801 1528 840 Sed
1555 813 1668 842 nemo
1697 813 1824 842 meum

293 875 392 913 crya
424 864 597 913 Niqrum
627 875 804 905 amorem
833 867 1046 916 vituperet,
1090 865 1203 921 1⁴qui
1241 880 1330 907 non
1367 867 1490 908 tuum
1528 869 1628 908 ante
1658 881 1825 922 reprae-

294 930 506 972 henderit.

405 997 627 1040 Postremo
656 1013 795 1054 neque
826 1013 906 1055 ego
936 999 1121 1055 Nigrum
1152 1003 1328 1056 propter
1347 1004 1390 1044 te
1413 1017 1555 1044 amare
1587 1017 1822 1058 coeperam,

291 1068 340 1107 ut
369 1068 544 1121 propter
563 1068 607 1107 te
629 1067 810 1108 eundem
841 1082 984 1110 amare
1013 1069 1297 1124 desinerem³3
1328 1084 1466 1125 neque
1486 1072 1534 1112 tu
1554 1086 1622 1112 me
1644 1086 1669 1112 a
1687 1071 1826 1127 Nigro

291 1134 372 1175 tibi
402 1134 609 1175 traditum
639 1134 847 1190 diligere⁵
886 1136 1077 1191 coepisti.
1139 1136 1426 1186 Quamobrem
1454 1139 1623 1180 tecum6
1653 1153 1823 1194 quaeso,

293 1202 453 1256 nequid
483 1193 606 1243 obsit*
627 1202 818 1244 amicitia
847 1203 986 1258 nobis,
1019 1205 1157 1259 quae⁷
1188 1205 1296 1247 nihil
1327 1206 1502 1261 profuit.

407 1269 500 1311 Iam
536 1269 572 1311 si
607 1270 834 1311 dicendum
864 1271 941 1326 sit,
983 1271 1082 1313 deos
1120 1274 1256 1315 testor
1291 1288 1359 1315 me
1398 1289 1524 1329 saepe
1559 1274 1715 1316 vidisse
1750 1274 1825 1316 Ni—

295 1352 420 1392 grum
443 1337 694 1380 Censorium
722 1338 908 1380 ubertim
929 1338 1103 1382 flentem
1134 1340 1342 1383 desiderio
1362 1342 1426 1383 tui
1448 1343 1575 1397 atque
1596 1341 1722 1383 huius
1743 1342 1824 1384 dis-

294 1405 392 1447 cidii
425 1405 581 1447 dolore.

409 1472 491 1515 Sed
522 1473 603 1514 erit
631 1474 815 1516 fortasse
844 1477 1014 1530 tempus
1046 1476 1182 1531 aliud⁷
1224 1478 1333 1532 quo⁸
1365 1492 1445 1533 ego
1474 1478 1704 1520 memoriae
1736 1478 1825 1520 eius

294 1530 461 1595 placem
490 1542 534 1582 te
566 1555 616 1582 ac
645 1542 853 1598 mitigem.

408 1608 589 1650 Interim
609 1610 768 1665 nequid
788 1610 871 1652 loci
891 1611 1095 1666 malignis
1125 1611 1372 1654 hominibus
1403 1613 1603 1655 adversus
1623 1627 1691 1655 me
1713 1614 1826 1668 apud

296 1691 419 1718 aures
449 1679 547 1718 tuas
577 1679 746 1732 pateat,
779 1678 848 1720 II.
876 1713 883 1720 .
909 1712 916 1720 .
941 1673 1017 1721 OE
1042 1713 1050 1721 .
1076 1713 1084 1720 .
1108 1679 1143 1721 Ο
1167 1679 1188 1721 Ι
1213 1713 1221 1721 .
1253 1695 1479 1735 perperam
1503 1714 1511 1722 .
1537 1715 1546 1722 .
1571 1681 1576 1737 1
1603 1715 1611 1722 .
1638 1714 1646 1722 .
1677 1681 1824 1723 fidem:

295 1759 423 1799 quam
462 1759 590 1799 quom
626 1745 794 1787 firmam
834 1748 877 1788 et
915 1747 1126 1789 sinceram
1173 1763 1269 1790 cum
1306 1748 1509 1790 Censorio
1553 1751 1823 1805 servaverim,

296 1812 430 1854 multo
468 1813 608 1868 magis
646 1814 839 1868 profecto
877 1817 1020 1857 tecum
1062 1818 1316 1871 perpetuam
1360 1818 1487 1872 atque
1531 1817 1825 1873 incorruptam

293 1880 478 1922 retinere
510 1881 677 1922 conitar
687 1883 716 1923 ⁰.

407 2005 430 2028 a
453 1996 499 2028 In
530 1998 697 2038 margine:
744 1995 830 2030 *Non
861 2006 932 2041 ego
963 1996 1007 2031 N.
1040 2008 1076 2042 p.
1109 1997 1147 2032 te
1184 2008 1310 2033 amare
1343 2009 1558 2043 coeperam,
1594 1999 1750 2044 propter
1785 2000 1824 2035 te

294 2061 420 2085 amare
443 2048 556 2085 desin.

411 2145 426 2175 1
453 2142 511 2176 Ita
534 2140 670 2184 Maius3
712 2141 851 2177 amicus
883 2155 902 2178 e
929 2142 1063 2179 Codice
1089 2144 1298 2189 descripsit:
1331 2144 1479 2180 difficile
1504 2158 1565 2180 nec
1589 2150 1633 2180 mz'
1657 2149 1734 2190 Fr.;
1759 2147 1825 2182 sed

296 2209 394 2232 nunc
419 2198 567 2241 quidem
592 2197 684 2232 mihi
710 2209 851 2234 errasse
875 2199 1033 2235 videtur.
1081 2200 1333 2236 Heindorfius:
1375 2209 1441 2236 tum
1471 2209 1504 2236 ec
1533 2215 1580 2236 ex
1608 2206 1730 2238 litteris
1759 2207 1824 2238 tuis

295 2258 404 2289 animo
429 2267 500 2289 meo
526 2268 592 2289 non
616 2258 754 2300 difficile
776 2259 946 2300 persuasi.

409 2314 428 2345 2
453 2310 615 2356 Explicit
639 2310 727 2347 Cod.
752 2324 788 2357 p.
816 2315 892 2348 348.
940 2312 983 2347 111
1007 2323 1093 2358 pag.
1122 2316 1204 2357 347,
1229 2325 1325 2358 quae
1349 2314 1526 2358 sequitur,
1549 2314 1642 2349 nihil
1666 2315 1824 2350 discerni

294 2367 429 2412 potest.
480 2366 655 2411 Sequitur
678 2380 714 2413 p.
740 2371 818 2412 354,
843 2380 939 2413 quae
965 2368 1056 2404 duas
1080 2369 1196 2404 habet
1219 2370 1421 2405 sententias
1444 2370 1483 2405 in
1506 2371 1686 2416 margine.

410 2428 430 2459 3
455 2423 510 2458 Ex
533 2423 654 2459 indice
684 2424 906 2470 suppletum.
957 2425 1101 2460 Titulus
1133 2425 1313 2471 epistulae
1344 2427 1484 2462 sumtus
1515 2438 1560 2462 ex
1588 2427 1714 2464 Indice
1738 2428 1825 2464 libri

296 2491 366 2515 sec.
395 2480 443 2515 ad
465 2479 627 2524 Amicos,
653 2491 763 2525 quem
787 2480 882 2517 vide.

407 2540 429 2571 4
452 2536 615 2572 Litteras
639 2537 783 2573 italicas
806 2538 926 2573 Maius
952 2539 1149 2585 supplevit.
1199 2539 1334 2586 Incipit
1363 2539 1452 2576 Cod.
1477 2553 1514 2586 p.
1541 2544 1618 2577 353.

410 2597 430 2628 5
454 2593 590 2628 Maius:
616 2607 742 2629 amare.

409 2654 429 2684 6
453 2649 708 2694 Archedemus,
735 2651 779 2686 cf.
805 2651 924 2687 Plaut.
952 2652 1128 2688 Rud.111.
1156 2657 1188 2688 4.
1214 2656 1269 2688 68.
1304 2653 1397 2689 Gen.
1423 2653 1501 2687 XX.
1523 2657 1552 2688 1.
1587 2657 1820 2699 Heindorfius.

294 2706 412 2741 Maius
437 2705 542 2741 addit
567 2706 715 2742 Terent.
742 2707 874 2752 Hecyr.
902 2708 962 2744 IV.
989 2712 1020 2744 4.
1048 2713 1101 2745 64.

409 2767 427 2797 7
455 2762 596 2798 Codex:
622 2767 688 2808 qui.

409 2823 430 2854 8
455 2817 595 2853 Codex:
621 2824 720 2865 quod.

410 2879 429 2910 9
453 2875 512 2910 Ita
536 2874 670 2911 Codex.
