1968 3158
459 181 525 219 AD
550 182 598 221 M.
622 179 879 218 CAESAREM
904 180 967 217 ΕΤ
994 179 1195 217 invicem
1220 168 1363 225 Lrssaa
1387 176 1430 214 v.
1665 178 1719 221 τε)

180 300 350 343 verum¹
384 299 446 341 ita
477 299 644 342 modico
682 300 731 341 ut
761 300 804 340 et
834 297 1083 354 ingrederer
1112 294 1420 352 pedetemptim
1451 295 1508 336 etv
1529 293 1724 336 vehiculo

180 370 336 411 uterer.
397 367 493 410 Hac
524 370 650 410 nocte
690 366 982 409 vehementior
1018 365 1137 407 dolor
1174 364 1348 418 invasit,
1388 364 1451 406 ita
1487 364 1633 405 tamen
1674 364 1724 403 ut

179 437 327 479 iacens
357 436 485 478 facile
516 436 671 492 patiar,
704 436 789 478 nisi
820 434 922 490 quid
953 433 1136 489 amplius
1172 432 1398 489 ingruerit.
1450 430 1724 486 Augustam²

181 507 300 547 tuam
332 507 529 548 vexatam
561 504 699 546 audio.
746 503 859 545 Diis³
896 501 1092 558 equidem
1123 502 1306 544 salutem
1336 502 1426 543 eius
1458 499 1720 542 commendo.

181 572 304 628 Vale,
337 572 522 616 Domine
553 573 810 615 dulcissime.
864 570 1095 612 Dominam
1127 569 1280 611 saluta.

633 686 744 730 VII.
776 685 850 729 22.
885 684 1116 739 Magistro
1147 683 1264 727 Meo.

295 778 426 821 Ludis
456 780 504 820 tu
535 778 726 834 quidem:
759 779 806 819 at
834 775 942 819 mihi
972 775 1239 832 peramplam
1262 775 1525 817 anxietatem
1547 778 1590 818 et
1610 789 1721 817 sum-

181 862 296 889 mam
317 847 647 903 aegritudinem,
680 846 868 888 dolorem
899 847 943 887 et
962 845 1110 901 ignem
1131 843 1516 900 flagrantissimum
1529 844 1723 886 ‘²'litteris

182 915 250 958 his
280 915 366 958 tuis
396 915 601 970 misisti⁵‚
634 929 689 957 ne
721 929 888 970 cenare,
921 928 976 956 ne
1007 913 1205 968 dormire,
1244 927 1300 954 ne
1336 912 1519 967 denique
1551 913 1723 954 studere
1752 951 1754 953 ,

181 983 328 1026 libeat.
389 983 551 1026 Verum
599 986 647 1025 tu
692 983 899 1026 orationis
938 982 1170 1024 hodiernae
1209 983 1309 1022 tuae
1354 981 1514 1022 habeas
1553 981 1724 1036 aliquod

183 1052 410 1107 solacium3
457 1054 502 1094 at
538 1066 619 1108 ego
651 1052 687 1109 16
718 1052 819 1107 quid
848 1051 1040 1094 faciam?
1089 1050 1173 1106 qui.
1202 1051 1245 1092 et
1283 1049 1517 1091 auditionis
1553 1064 1723 1091 omnem

181 1120 269 1162 iam
299 1120 565 1176 voluptatem
598 1121 894 1176 consumpsei⁷
927 1122 970 1162 et
999 1121 1144 1161 metuo
1165 1133 1220 1160 ne
1241 1117 1415 1160 Lorium
1435 1117 1724 1159 tardiuscule8

183 1189 331 1231 venias
362 1191 406 1231 et
436 1189 556 1232 doleo
587 1189 699 1245 quod
729 1189 905 1231 interim
935 1188 1065 1230 doles.
1102 1187 1225 1241 Vale,
1259 1187 1318 1228 mi
1349 1186 1570 1242 magister,
1605 1186 1725 1228 cuius

183 1257 298 1299 salus
328 1272 469 1299 meam
499 1258 682 1300 salutem
711 1258 941 1299 inlibatam
971 1258 1015 1299 et
1044 1256 1303 1299 incolumem
1332 1255 1453 1297 facit.

617 1372 758 1416 v111.
790 1342 883 1415 23.
908 1371 1141 1426 Magistro
1170 1370 1289 1414 Meo.

299 1463 393 1521 Ego
424 1464 513 1506 dies
543 1464 648 1506 istos
682 1463 821 1506 ‘talesss
851 1463 1060 1519 transegi.
1094 1462 1265 1505 Soror¹⁰
1287 1461 1430 1503 dolore
1452 1461 1726 1503 muliebrium

185 1533 375 1589 partium
404 1532 467 1574 ita
498 1535 695 1588 correpta
732 1535 798 1575 est
827 1534 1019 1588 repente,
1053 1533 1103 1573 ut
1131 1531 1287 1573 faciem
1315 1530 1574 1572 horrendam
1612 1529 1725 1572 vide-

186 1601 288 1643 rim:
325 1589 464 1643 ma⁹ter
502 1603 646 1643 autem
682 1616 778 1643 mea
814 1602 861 1643 in
892 1616 943 1643 ea
973 1599 1262 1655 trepidatione
1299 1599 1535 1654 inprudens
1566 1598 1726 1654 angulo

186 1670 364 1725 parietis
397 1672 560 1712 costam
589 1669 768 1725 inflixit3
799 1684 847 1712 eo
877 1669 968 1712 i'ctu
998 1668 1191 1724 graviter
1221 1670 1265 1710 et
1294 1682 1339 1709 se
1370 1669 1414 1709 et
1443 1681 1522 1709 nos
1551 1667 1724 1708 adfecit.

185 1738 284 1794 lpse
315 1753 411 1780 cum
443 1739 636 1780 cubitum
664 1738 785 1793 irem,
819 1737 1087 1793 scorpionem
1106 1737 1154 1778 in
1177 1736 1291 1779 lecto
1311 1735 1490 1778 offe-ndi:
1521 1735 1727 1791 occupavi

185 1807 332 1848 tamen
378 1821 475 1849 eum
518 1807 723 1862 occidere,
765 1806 1014 1862 priusquam
1053 1819 1182 1861 supra
1226 1804 1535 1847 accumberem.
1596 1803 1662 1845 Tu
1692 1804 1729 1845 si

187 1876 345 1917 rectius
375 1875 505 1931 vales,
539 1877 605 1917 est
634 1875 852 1917 solacium.
900 1874 1042 1916 Mater
1070 1874 1158 1916 iam
1187 1873 1321 1915 levior
1351 1875 1429 1928 est,
1462 1873 1552 1914 deis
1583 1872 1727 1915 volen-

186 1944 316 1986 tibus.
363 1943 485 1999 Vale‚
517 1945 576 1986 mi
606 1944 767 1999 optime
798 1943 1041 1986 dulcissime
1070 1943 1291 1998 magister.
1343 1941 1530 1983 Domina
1559 1956 1655 1983 mea
1683 1942 1727 1982 te

188 2012 362 2054 salutat.

654 2080 746 2124 IX.
783 2081 859 2124 24.
907 2080 1111 2124 Domino
1141 2079 1259 2123 Meo.

302 2171 439 2222 Quom
468 2174 512 2215 te
542 2172 704 2215 salvom
735 2175 779 2215 et
807 2173 1020 2215 inlaesum
1055 2172 1123 2214 dei
1153 2171 1478 2227 praestiterunt,
1519 2170 1728 2213 maximas

307 2291 324 2321 1
352 2286 440 2322 Cod.
466 2299 523 2332 pr.
549 2298 596 2322 m.
623 2290 769 2323 verbum.

304 2348 324 2379 2
349 2344 519 2389 Augusta
554 2343 689 2379 dicitur
723 2343 918 2388 Faustina,
962 2343 1050 2389 quia
1080 2342 1158 2378 filia
1188 2340 1244 2378 Pii
1267 2341 1445 2388 Augusti,
1483 2342 1551 2377 etsi
1582 2342 1729 2378 Marcus

192 2400 312 2436 adhuc
335 2400 384 2435 inv
400 2399 567 2436 Caesaris
592 2400 777 2446 dignitate
802 2400 969 2436 sistebat.
1019 2404 1144 2436 Maius.
1168 2391 1170 2394 ’

305 2462 326 2492 3
352 2455 440 2492 Ood.
465 2469 522 2503 pr.
549 2469 597 2492 m.
625 2461 708 2493 dies.
808 2454 809 2457 ¹

305 2517 327 2547 4
352 2513 410 2548 Ita
434 2512 575 2557 Codex3
602 2513 671 2549 etsi
695 2513 786 2549 alibi
809 2525 885 2549 non
909 2513 1024 2550 semel
1044 2517 1152 2559 fram.

307 2574 328 2605 5
352 2569 536 2605 Emendat
561 2569 791 2615 Schopenus:
816 2574 978 2607 inussisti.

307 2630 327 2662 6
352 2625 488 2672 Incipit
513 2626 601 2662 Cod.
627 2626 748 2662 Vatic.
774 2639 812 2672 p.
832 2631 907 2663 105.

307 2687 327 2719 7
351 2683 581 2719 Emendator
605 2682 742 2719 delevit
766 2697 795 2719 e.

306 2743 327 2776 8
353 2739 441 2775 Cod.
467 2752 524 2786 pr.
550 2752 597 2776 m.
626 2743 856 2776 tardiusculei.

306 2801 327 2832 9
353 2795 583 2843 Schopenus:
608 2801 703 2832 male.

287 2856 328 2889 10
352 2852 474 2889 Annia
498 2852 694 2890 Cornificia
716 2851 835 2890 Marci
858 2851 968 2889 unica
992 2864 1097 2889 soror
1127 2854 1166 2889 et
1190 2855 1280 2890 natu
1306 2853 1436 2891 minor.
1488 2852 1541 2891 Cf.
1570 2853 1727 2902 Capitol.

193 2907 232 2944 in
256 2908 310 2946 vit
346 2910 395 2945 M.
422 2921 452 2946 c.
473 2914 502 2946 1.
529 2914 561 2946 4.
589 2915 620 2947 7.
647 2915 679 2948 9.
