1968 3158
746 154 810 190 AD
836 153 1014 190 Afflcos
1040 154 1184 190 LIBER
1208 154 1251 190 11.
1616 147 1619 149 ’
1693 154 1774 198 199

679 279 818 324 VIII.
859 279 1006 325 Arrio
1037 278 1281 325 Antonino
1294 282 1323 324 ¹.

349 372 579 415 (ἔτι-11111101·2
617 372 722 414 mihi
760 371 969 427 plerisque
1014 372 1257 414 hominibus
1291 405 1522 414 ......
1533 372 1551 399 ³
1582 386 1674 414 esse
1717 405 1724 415 .
1761 405 1770 415 .

237 475 424 484 .....
437 441 452 467 ⁴¹
485 456 576 484 esse
606 456 674 484 me
705 455 729 482 a
758 442 802 482 te
833 454 921 483 non
958 455 1079 483 secus
1109 455 1235 496 quam
1274 443 1497 496 parentem
1538 440 1770 483 observari.

234 509 300 553 Eo
330 510 392 564 fit,
432 512 481 552 ut
511 510 565 552 ad
594 523 662 551 me
683 509 913 551 decurrant
934 507 1107 563 plurimi
1129 508 1199 564 qui
1223 511 1342 550 tuam
1367 509 1555 564 gratiam
1577 508 1770 564 cupiunt.

234 578 348 629 Quos
378 592 458 635 ego
489 592 577 620 non
607 580 768 619 temere
806 590 886 618 nec
925 577 1016 618 sine
1055 575 1213 618 dilectu
1245 576 1384 631 audio,
1417 576 1490 634 sed
1528 577 1660 632 probe
1701 591 1772 632 pe·

234 646 427 689 tentibus
472 645 726 701 suffragium
770 659 911 686 meum
947 644 1167 699 impertio:
1215 645 1268 686 iis
1316 659 1436 699 vero,
1478 645 1550 700 qui
1595 646 1774 700 parum⁵

234 714 367 771 probe
397 714 497 770 quid
529 729 554 756 a
590 715 633 756 te
664 714 942 768 impetratum
982 713 1119 755 velint
1154 713 1291 767 essess,
1332 713 1519 769 denego:
1557 716 1606 755 ut
1644 728 1668 755 a
1704 728 1772 756 me

234 782 376 839 potius
406 782 453 824 ill
487 817 495 824 .
531 816 539 824 .
576 815 583 824 .
618 780 852 823 ERETUL
886 814 894 822 .
922 815 929 822 .
966 784 1021 827 (η
1061 780 1334 823 Baburiana⁷
1367 781 1399 823 Ο
1433 814 1441 823 .
1478 815 1486 823 .
1523 814 1531 823 .
1567 780 1772 824 ,ΟΠΛἿ

235 849 466 895 OENCSR
499 884 507 892 .
543 884 551 892 .
588 884 596 892 .
633 883 640 892 .
674 849 833 893 NSUA
866 883 874 892 .
911 882 918 891 .
957 883 964 891 .
999 849 1130 891 SITA
1164 882 1483 891 ........
1518 863 1637 891 caros
1667 849 1773 891 mihi

234 919 348 962 viros
380 921 423 961 et
452 932 612 974 magno
643 932 770 974 opere
799 918 853 959 iis
883 917 1059 973 obsequi
1093 917 1275 972 cupiam,
1323 918 1433 959 Item
1463 920 1610 960 tamen
1640 926 1685 959 ut
1718 951 1726 959 .
1762 952 1771 960 .

235 986 596 1042 mAlssmIHIA
629 1021 636 1029 .
669 986 894 1043 potissima
933 986 1015 1027 sit⁹
1060 985 1250 1027 iustitiae
1295 987 1394 1027 tuae
1439 986 1550 1027 ratio
1586 1020 1594 1027 .
1630 1020 1638 1028 .
1675 1019 1684 1027 .
1720 986 1774 1028 .¹⁰

233 1058 334 1098 tuae
354 1055 615 1098 humanitati
640 1069 882 1111 congruens
904 1054 1143 1107 videbatur,
1178 1053 1435 1095 desiderium
1458 1053 1774 1096 Baburianae¹¹

236 1124 620 1174 commendandum
659 1121 771 1181 [tibi]
813 1123 970 1178 recepi⁷
1012 1124 1055 1164 et
1091 1135 1221 1177 quam
1258 1135 1431 1176 possum
1467 1122 1775 1164 studiosissime

236 1192 486 1237 commendo
499 1192 532 1218 ¹²
566 1225 754 1233 .....
789 1205 869 1246 ego
899 1194 978 1246 per'
1009 1224 1016 1232 .
1053 1223 1062 1232 .
1096 1190 1147 1231 de
1186 1203 1312 1244 opere
1350 1190 1587 1232 extruenda
1620 1223 1628 1232 .
1664 1223 1672 1231 .
1707 1204 1775 1232 ex-

235 1262 439 1303 tructum.
501 1259 742 1302 Videbatur
775 1293 782 1301 .
818 1293 826 1300 .
859 1259 1042 1314 dependi
1076 1292 1084 1300 .
1121 1292 1129 1300 .
1163 1258 1456 1313 pronuntiasti
1495 1258 1598 1313 quid
1634 1257 1687 1300 ad
1722 1291 1731 1300 .
1767 1292 1775 1300 .

235 1344 318 1385 quo
354 1326 535 1387 vot[um]
572 1362 580 1370 .
616 1361 625 1370 .
659 1341 763 1384 agas
808 1328 920 1383 quod
970 1325 1083 1384 [fuit]
1131 1325 1390 1368 tradendum
1429 1328 1625 1382 superest
1662 1326 1775 1381 quod

236 1412 262 1439 a
290 1399 334 1439 te
368 1431 376 1439 .
411 1429 421 1439 .
454 1397 501 1439 in
531 1411 669 1452 pauca
701 1396 933 1438 conferam.

351 1464 601 1508 Sententiae
631 1467 731 1506 tuae
753 1463 1002 1506 Baburiana
1023 1477 1110 1504 non
1132 1476 1267 1518 aequo
1299 1463 1442 1504 animo
1473 1462 1547 1504 sed
1577 1465 1776 1518 prompto

238 1534 369 1592 etiam
400 1535 443 1575 et
472 1547 609 1589 paene
644 1566 652 1574 .
689 1565 697 1574 .
734 1531 789 1574 .¹3
821 1564 1052 1573 ......
1071 1554 1078 1561 ·
1088 1563 1677 1573 ..............

351 1600 506 1651 Quid¹⁴
536 1601 671 1656 igitur
701 1599 912 1655 postulat,
954 1599 1067 1654 quod
1103 1599 1184 1640 tibi
1215 1613 1303 1640 non
1335 1597 1642 1656 ambitqosum]
1678 1612 1776 1640 con-

353 1742 370 1773 1
397 1737 526 1774 Sermo
551 1737 589 1772 in
613 1737 683 1772 hac
709 1736 869 1782 epistola
893 1735 1040 1770 videtur
1063 1734 1176 1770 fuisse
1202 1734 1247 1769 de
1273 1734 1470 1780 redempto
1495 1734 1646 1780 publico
1665 1745 1776 1780 opere¹

239 1796 414 1842 quodam,
439 1795 541 1830 cuius
557 1794 684 1839 partes
708 1793 855 1838 aliquae
881 1792 929 1840 ad
952 1791 1206 1827 Baburianam
1229 1789 1481 1836 pertinebant.
1516 1789 1617 1836 Opus
1640 1790 1776 1836 impro-

239 1853 397 1888 baverat
420 1851 550 1887 Arrius
574 1849 796 1893 Antoninus,
822 1850 896 1891 aut,
922 1848 1022 1892 quod
1046 1859 1119 1883 non
1144 1847 1276 1882 fuisset
1290 1848 1460 1892 tempore
1486 1846 1687 1882 constituto
1713 1847 1778 1883 ab·

239 1909 412 1952 s'olutum,
436 1907 690 1943 Baburianam
714 1917 910 1941 usurarum
934 1904 1111 1950 pensione
1136 1903 1392 1939 damnaverat.
1442 1906 1657 1939 Niebulm'us.

353 1969 374 2000 2
398 1964 565 2000 Primum
589 1963 745 2000 verbum
771 1974 815 1998 ex
840 1961 965 1997 Indice
991 1962 1058 2005 est,
1086 1961 1146 1996 ubi
1173 1961 1372 2006 praeterea
1391 1965 1587 2006 plerosque.

278 2061 280 2063 ,
355 2027 376 2059 3
399 2021 627 2057 Exciderunt
650 2031 714 2055 sex
737 2020 898 2054 litterae.

354 2083 377 2115 4
400 2077 628 2114 Exciderunt
650 2078 728 2112 tres
753 2087 892 2112 versus.

355 2141 376 2172 5
399 2135 442 2171 In
467 2133 602 2170 Codice
627 2132 870 2178 distinguitur
894 2131 1067 2175 IARUO);
1093 2131 1211 2166 Maius
1236 2139 1355 2166 utrum.

355 2197 375 2228 6
400 2192 502 2228 Duas
531 2191 678 2227 litteras
709 2188 890 2235 supplevi.
939 2189 1078 2224 Parum
1108 2188 1280 2224 accurate
1311 2187 1349 2222 in
1381 2187 1451 2223 hac
1476 2187 1637 2233 epistola
1660 2188 1779 2222 trans—

241 2249 437 2286 scribenda
458 2248 579 2284 Maius
603 2247 773 2283 versatus
799 2249 864 2281 est.
914 2245 1067 2280 Errores
1099 2244 1177 2280 eius
1207 2254 1282 2279 non
1306 2242 1527 2280 adscribam.

357 2311 376 2343 7
401 2305 589 2354 Babiiriae
638 2303 781 2339 Plotiae
825 2303 948 2338 exstat
990 2302 1170 2348 Tergeste
1212 2300 1406 2346 inscriptio
1450 2300 1550 2346 apud
1598 2299 1776 2335 Muratoix

247 2368 342 2401 1312.
375 2367 425 2398 10.
475 2364 600 2397 Maius.
1215 2354 1218 2357 ’

357 2423 378 2455 8
402 2418 537 2464 Incipit
561 2416 649 2453 Cod.
676 2429 711 2462 p.
739 2419 822 2459 297,
849 2427 943 2460 quae
968 2427 1043 2451 non
1067 2414 1205 2460 ubique
1232 2412 1392 2450 conferri
1415 2412 1548 2458 potuit.

358 2480 378 2511 9
404 2474 493 2510 Cod.
519 2476 560 2509 ut
585 2472 782 2508 videbatur
803 2485 853 2507 su.
893 2471 1028 2508 Cetera
1051 2471 1269 2507 lacunarum
1293 2470 1416 2517 spatia
1441 2470 1614 2505 accurate
1639 2468 1777 2505 notavi.

338 2537 379 2568 10
404 2530 543 2577 Supple
573 2529 664 2565 duos
687 2540 824 2565 versus.
1056 2540 1063 2543 ·

338 2593 378 2624 11
405 2587 493 2623 Ood.
519 2585 798 2628 BABURANI,
823 2585 864 2619 ut
887 2583 1094 2620 videbatur.

339 2649 380 2681 12
404 2644 498 2680 Exin
527 2643 567 2678 in
591 2641 726 2678 Codice
754 2651 871 2686 usque
902 2639 951 2676 ad
979 2639 1142 2686 paginae
1172 2640 1283 2675 finem
1307 2637 1440 2683 reliqui
1465 2639 1550 2674 sunt
1574 2648 1701 2673 versus
1725 2642 1780 2682 36,

248 2713 405 2747 quorum
428 2699 622 2735 minimam
644 2698 792 2744 partem
814 2697 940 2743 legere
964 2695 1078 2732 licuit.
1129 2698 1255 2732 Maius.

282 2770 286 2774 ’
340 2763 382 2795 13
406 2757 553 2793 Excidit
575 2767 670 2791 unus
693 2765 822 2790 versus
847 2754 886 2790 et
909 2753 995 2789 dim.
1255 2744 1262 2748 ’

342 2819 381 2850 14
407 2813 610 2859 Sequentia
634 2823 766 2858 parum
791 2811 964 2847 accurate
981 2809 1081 2856 apud
1097 2809 1253 2852 Maium3
1280 2807 1472 2854 superiora
1488 2800 1614 2854 legere
1640 2807 1780 2843 amicus

248 2883 322 2908 non
346 2869 480 2917 potuit,
504 2880 572 2905 nec
596 2867 763 2904 contulit.
