1968 3158
316 168 393 209 126
592 166 640 200 M.
660 165 885 200 CORNELII
910 165 1185 201 FRONTONIS
1209 165 1550 203 EPISTULARUM

423 278 609 320 Exstant
639 278 844 332 epistulae
876 282 1008 321 verbis
1038 279 1200 321 idoneis
1231 283 1272 321 in
1301 281 1431 322 serie¹
1460 281 1619 336 partim
1647 282 1831 324 scribtae

310 346 597 399 historiarum,
630 345 697 387 vel
719 360 743 386 a
763 346 958 397 sinyulz’s2
981 347 1256 401 compositae:
1288 348 1336 388 ut
1355 347 1430 389 illa
1452 347 1689 403 Thucydidi
1709 349 1832 391 nobi-

310 413 472 454 lissima
502 412 652 454 Niciae
683 413 801 454 ducis
833 413 1015 468 epistula
1047 427 1097 455 ex
1119 413 1264 456 Sicilia
1293 415 1469 456 missass:
1498 416 1603 457 item
1633 417 1746 471 apud
1777 415 1829 459 G.

311 480 559 522 Sallustium
589 480 643 521 ad
672 480 866 522 Arsacen
895 495 1041 536 regem
1069 481 1331 534 Mithridatis
1370 482 1575 524 auxilium
1602 484 1832 538 imploran-

308 548 364 589 tis
403 548 571 589 litterae
610 548 909 590 criminosae⁴t
960 551 1003 590 et
1041 548 1118 592 Cn.
1151 548 1327 605 Pompei
1371 550 1424 591 ad
1453 552 1648 592 senatum
1679 551 1730 593 de
1760 552 1833 593 sti·
1866 548 1875 557 “

309 615 492 670 pendio5
521 615 692 656 litterae
722 616 923 671 gravesss:
975 618 1017 658 et
1058 617 1284 658 Aderbalis
1323 618 1437 673 apud
1474 617 1637 660 Cirtam
1673 619 1832 661 obsessi

309 682 544 724 invidiosae
565 682 734 724 litterae
759 717 945 725 .....
959 683 974 708 ⁷
1004 698 1150 726 omnes
1185 717 1371 727 .....
1384 686 1400 711 8
1420 686 1710 740 postulabat⁹z
1740 686 1832 728 bre-

309 764 381 791 ves
402 764 482 791 nec
502 749 636 791 ullam
665 764 807 792 rerum
837 752 1055 806 gestarum
1086 753 1399 807 expeditionem
1431 753 1714 795 continentes.
1763 753 1833 795 In—

309 818 469 859 latae¹⁰
499 819 654 871 autem,
687 822 889 872 quomodo
919 818 1128 861 scribsisti
1157 822 1219 875 tu,
1253 822 1403 862 extant
1418 815 1573 862 ''Catuli
1603 820 1829 875 litterae¹¹,

310 885 462 940 quibus
482 919 490 926 .
512 918 520 926 .
545 900 569 926 a
590 885 750 927 sema¹2
770 919 777 926 .
805 919 812 926 .
837 885 930 928 dico
955 919 963 927 .
990 919 997 927 .
1022 885 1200 928 historia
1220 889 1367 929 tamen
1387 922 1394 929 .
1417 922 1424 929 .
1451 888 1695 942 scribenda,
1722 888 1758 929 si
1780 889 1833 930 ad

310 954 508 995 senatum
537 952 793 994 scriberetur
826 986 833 994 .
870 987 878 994 .
911 954 1026 995 sensi
1055 953 1207 996 horum
1237 969 1409 997 suorum
1446 956 1482 996 si
1518 956 1565 996 in
1601 957 1788 997 turmam
1800 955 1833 982 ¹³

312 1020 519 1076 epistulae
551 1021 803 1062 contulisset
838 1022 1079 1063 necessario
1113 1055 1122 1063 .
1158 1055 1166 1063 .
1208 1023 1444 1078 expeditius
1482 1024 1524 1064 et
1554 1023 1605 1064 de
1638 1056 1646 1064 .
1682 1055 1690 1064 .
1723 1023 1834 1078 quod

314 1087 594 1146 [Paterculus]
728 1103 795 1130 res
832 1089 1072 1131 inornatius
1110 1090 1342 1132 scribsisse.
1411 1090 1527 1131 Tuae
1574 1090 1744 1132 litterae
1791 1093 1834 1133 et

293 1156 555 1210 eloquentes
577 1158 680 1197 sunt
700 1158 748 1197 ut
778 1157 973 1211 oratoris,
1005 1159 1092 1198 stre
1105 1157 1110 1213 Ι
1124 1158 1276 1199 ¹⁴nuae
1296 1159 1345 1199 ut
1365 1157 1498 1212 ducis,
1530 1171 1682 1212 graves
1711 1160 1762 1200 ut
1781 1158 1835 1200 ad

311 1225 521 1277 senatum,
553 1224 602 1264 ut
631 1223 682 1265 de
711 1238 757 1265 re
786 1224 962 1266 militari
994 1239 1082 1266 non
1112 1225 1414 1268 redundantes.
1457 1224 1569 1266 Nam
1590 1239 1728 1280 neque
1753 1258 1761 1266 .
1787 1259 1796 1267 .
1822 1259 1830 1267 .

312 1291 402 1332 eius
435 1324 443 1332 .
480 1324 487 1332 .
522 1291 572 1332 de
607 1324 613 1331 .
651 1324 658 1331 .
691 1291 913 1333 brevitatis
947 1325 955 1333 .
991 1325 999 1333 .
1035 1293 1237 1334 coartatis
1271 1325 1278 1333 .
1315 1326 1323 1333 .
1355 1292 1452 1333 fuit.
1513 1291 1615 1340 Quis
1653 1293 1833 1347 impera-

309 1361 378 1400 tor
407 1359 507 1413 quid
528 1358 581 1399 ad
611 1360 821 1413 senatum,
857 1359 1016 1417 [quom]
1043 1359 1169 1401 debet
1189 1360 1317 1415 loqui,
1351 1360 1578 1414 epistulam
1599 1360 1836 1402 scriberet?

311 1425 459 1480 anue
489 1426 570 1467 tibi
603 1459 611 1466 .
648 1426 825 1468 ,cultas
860 1460 867 1467 .
904 1460 911 1467 .
945 1427 995 1468 de
1035 1427 1186 1481 quibus
1224 1427 1497 1469 scribendum
1527 1429 1620 1469 erat
1650 1442 1746 1469 cum
1779 1461 1786 1469 .
1824 1461 1831 1469 .
1881 1483 1883 1485 Ι

311 1492 412 1533 dum
445 1525 453 1533 .
489 1525 497 1533 .
560 1492 612 1535 Se
643 1493 823 1548 denique
855 1508 950 1535 cum
983 1527 991 1535 .
1028 1527 1035 1534 .
1073 1527 1080 1535 .
1114 1494 1220 1536 sicui
1249 1495 1496 1549 priusquam
1526 1499 1712 1549 aliquam
1739 1509 1835 1550 pro-

311 1560 535 1617 v(inciam)
578 1594 586 1602 .
622 1594 631 1601 .
665 1561 718 1602 ad
755 1561 959 1615 populum
996 1566 1156 1616 dicere,
1203 1564 1246 1603 et
1277 1562 1395 1603 crim.
1436 1562 1548 1617 quod
1580 1595 1588 1603 .
1625 1595 1633 1604 .
1672 1576 1746 1604 vos
1779 1595 1789 1605 .
1824 1596 1832 1604 .

312 1628 522 1670 exercitus
559 1628 735 1683 insuper
772 1629 846 1669 aut
879 1662 886 1668 .
924 1662 931 1669 .
964 1642 1058 1669 meo
1094 1643 1183 1670 non
1219 1629 1311 1684 ipse
1345 1662 1354 1671 .
1389 1663 1397 1671 .
1430 1629 1497 1671 vel
1534 1630 1644 1685 quod
1677 1662 1686 1671 .
1721 1663 1729 1671 .
1761 1644 1835 1672 no-

427 1790 443 1820 1
471 1785 611 1821 Codex:
650 1785 747 1821 UOR
774 1815 779 1821 .
809 1815 815 1820 .
845 1785 1004 1831 {DONIS
1030 1807 1074 1811 —
1099 1785 1189 1821 SER
1213 1807 1253 1811 —
1282 1785 1548 1832 Supplementa
1571 1786 1660 1822 Maii
1683 1797 1758 1822 non
1782 1799 1837 1823 sa-

311 1842 510 1877 tisfaciunt.
559 1842 783 1877 Niebuhrius
806 1841 998 1878 nesciebat
1029 1844 1119 1886 quot
1141 1842 1290 1879 litterae
1313 1843 1519 1889 periissent.

425 1903 444 1933 2
468 1899 618 1933 Lacuna
643 1899 699 1933 est
724 1899 807 1934 octo
831 1898 1057 1941 litterarum3
1085 1910 1284 1944 perperam
1307 1899 1443 1935 Maius:
1476 1907 1564 1934 arte.

425 1959 445 1990 3
471 1954 584 1989 Thuc.
609 1953 690 1989 VH.
720 1959 772 1989 11.
801 1958 851 1990 16.
1190 1948 1193 1950 ’

425 2015 448 2045 4
471 2010 563 2046 Hist.
591 2009 654 2045 lib.
680 2010 743 2045 IV.

426 2070 446 2102 5
469 2066 626 2101 Videtur
649 2066 726 2111 legi
749 2070 931 2111 stipendia.

425 2126 445 2157 6
469 2122 565 2157 Hist.
591 2122 655 2157 lib.
681 2122 744 2156 III.

426 2183 444 2214 7
471 2178 611 2214 Codex:
643 2178 718 2213 CIE
746 2207 752 2213 .
782 2207 787 2213 .
814 2178 952 2214 Maius:
986 2182 1111 2225 quibus.

425 2239 445 2270 8
470 2234 604 2269 Maius:
629 2242 757 2280 patres,
785 2235 850 2270 sed
874 2245 948 2270 non
971 2235 1200 2280 respondent
1223 2235 1391 2280 vestigia.

426 2295 445 2325 9
470 2290 561 2325 Bell.
588 2291 754 2336 Iugurth.
782 2302 811 2325 c.
838 2295 892 2326 24.

405 2351 446 2383 10
469 2347 527 2382 Ita
550 2346 689 2382 Codex:
737 2346 871 2382 Maius:
921 2352 1022 2383 latae.
1072 2347 1203 2383 Cetera
1234 2347 1295 2382 vix
1325 2347 1402 2392 legi
1431 2349 1604 2393 possunt,
1651 2360 1720 2385 nec
1753 2360 1835 2384 con-

312 2404 398 2439 tulit
423 2403 574 2439 amicus.

405 2464 444 2495 11
469 2460 564 2495 Item
589 2459 688 2506 apud
712 2459 929 2495 Sallustium
952 2458 991 2494 in
1016 2459 1177 2496 amissis:
1217 2460 1249 2494 is
1279 2460 1377 2495 enim
1409 2459 1531 2496 Catuli
1561 2463 1599 2496 et
1621 2462 1753 2507 Lepidi
1775 2474 1834 2498 res

313 2517 436 2561 gestas
472 2515 680 2561 scripserat.
729 2516 894 2552 Litterae
931 2517 1055 2552 autem
1092 2516 1213 2552 Catuli
1247 2517 1403 2552 fortasse
1438 2517 1664 2554 nuntiabant
1697 2519 1835 2554 bellum

312 2572 540 2617 lepidianum
564 2572 612 2607 ab
638 2584 676 2608 se
703 2573 910 2608 confectum
926 2573 975 2608 ad
993 2571 1116 2608 Cosas.
1150 2575 1280 2608 Maius.
1313 2572 1392 2616 Hic,
1417 2573 1458 2607 ut
1482 2584 1604 2619 saepe,
1629 2574 1729 2619 apud
1751 2574 1835 2610 Nie-

312 2628 485 2663 buhrium
509 2627 632 2664 videre
658 2629 725 2672 est,
751 2639 863 2673 quam
885 2629 1026 2664 temere
1042 2628 1161 2664 Maius
1186 2628 1419 2664 describendi
1441 2629 1594 2674 negotio
1611 2630 1757 2666 functus
1775 2631 1832 2665 sit.

314 2684 441 2720 Omnis
465 2686 594 2720 nostra
624 2695 738 2730 opera
760 2685 922 2729 luditur;
948 2684 1086 2720 amicus
1115 2696 1219 2721 meus
1243 2685 1366 2720 locum
1396 2696 1471 2721 non
1500 2685 1624 2731 potuit
1654 2687 1831 2722 conferre.
1892 2729 1894 2731 Ι

406 2745 446 2775 12
470 2739 709 2776 Niebuhrius:
734 2749 865 2777 senatu.

406 2800 447 2831 13
470 2795 712 2832 Niebuhrius:
736 2801 890 2840 formam.
923 2819 926 2822 >
1713 2844 1716 2847 .

406 2855 448 2886 14
471 2851 605 2896 Incipit
630 2852 717 2888 Cod.
744 2854 912 2890 Ambros.
939 2865 975 2899 p.
998 2857 1076 2897 408,
1100 2854 1240 2897 lacera3
1271 2864 1347 2888 non
1372 2852 1529 2889 contulit
1553 2852 1703 2890 amicus.
