<?xml version="1.0" encoding="UTF-8"?>
<!DOCTYPE html PUBLIC "-//W3C//DTD XHTML 1.0 Transitional//EN"
    "http://www.w3.org/TR/xhtml1/DTD/xhtml1-transitional.dtd">
<html xmlns="http://www.w3.org/1999/xhtml" xml:lang="en" lang="en">
 <head>
  <title>
</title>
<meta http-equiv="Content-Type" content="text/html;charset=utf-8" />
  <meta name='ocr-system' content='tesseract 3.04.00' />
  <meta name='ocr-capabilities' content='ocr_page ocr_carea ocr_par ocr_line ocrx_word'/>
</head>
<body>
  <div class='ocr_page' id='page_1' title='image "./mcorneliifronton00fronuoft_0194.png"; bbox 0 0 1968 3158; ppageno 0'>
   <div class='ocr_carea' id='block_1_1' title="bbox 266 130 1565 200">
    <p class='ocr_par' dir='ltr' id='par_1_1' title="bbox 266 130 1565 200">
     <span class='ocr_line' id='line_1_1' title="bbox 266 130 1565 200; baseline 0.004 -10"><span class='ocrx_word' id='word_1_1' title='bbox 266 157 347 200; x_wconf 74' lang='lat'>154</span> <span class='ocrx_word' id='word_1_2' title='bbox 544 157 591 192; x_wconf 84' lang='lat' dir='ltr'>M.</span> <span class='ocrx_word' id='word_1_3' title='bbox 612 155 837 192; x_wconf 83' lang='lat' dir='ltr'>CORNELII</span> <span class='ocrx_word' id='word_1_4' title='bbox 860 156 1137 192; x_wconf 81' lang='lat' dir='ltr'>FRONTONIS</span> <span class='ocrx_word' id='word_1_5' title='bbox 1162 157 1501 194; x_wconf 81' lang='lat' dir='ltr'><strong>EPISTULARUM</strong></span> <span class='ocrx_word' id='word_1_6' title='bbox 1558 130 1565 141; x_wconf 36' lang='lat' dir='ltr'><em>l</em></span> 
     </span>
    </p>
   </div>
   <div class='ocr_carea' id='block_1_2' title="bbox 263 266 1786 391">
    <p class='ocr_par' dir='ltr' id='par_1_2' title="bbox 263 266 1786 391">
     <span class='ocr_line' id='line_1_2' title="bbox 263 266 1786 331; baseline 0.004 -19"><span class='ocrx_word' id='word_1_7' title='bbox 263 270 471 326; x_wconf 87' lang='lat' dir='ltr'>tertioque</span> <span class='ocrx_word' id='word_1_8' title='bbox 511 303 519 311; x_wconf 91' lang='lat'><strong><em>.</em></strong></span> <span class='ocrx_word' id='word_1_9' title='bbox 562 303 571 312; x_wconf 85' lang='lat'><strong>.</strong></span> <span class='ocrx_word' id='word_1_10' title='bbox 614 303 622 311; x_wconf 92' lang='lat'><strong>.</strong></span> <span class='ocrx_word' id='word_1_11' title='bbox 665 302 1072 313; x_wconf 86' lang='grc'><strong>..........</strong></span> <span class='ocrx_word' id='word_1_12' title='bbox 1077 266 1082 269; x_wconf 62' lang='grc'>’</span> <span class='ocrx_word' id='word_1_13' title='bbox 1107 303 1136 331; x_wconf 20' lang='lat' dir='ltr'>,r</span> <span class='ocrx_word' id='word_1_14' title='bbox 1152 304 1424 314; x_wconf 90' lang='grc'><strong>.......</strong></span> <span class='ocrx_word' id='word_1_15' title='bbox 1439 273 1471 327; x_wconf 76' lang='grc' dir='ltr'>Ι1</span> <span class='ocrx_word' id='word_1_16' title='bbox 1509 278 1702 331; x_wconf 79' lang='grc' dir='ltr'>διαεκευῇ</span> <span class='ocrx_word' id='word_1_17' title='bbox 1741 277 1786 317; x_wconf 86' lang='lat' dir='ltr'>et</span> 
     </span>
     <span class='ocr_line' id='line_1_3' title="bbox 263 338 788 391; baseline -0.002 -11"><span class='ocrx_word' id='word_1_18' title='bbox 263 339 514 391; x_wconf 77' lang='grc' dir='ltr'>παρεκβάεει</span> <span class='ocrx_word' id='word_1_19' title='bbox 545 338 788 380; x_wconf 86' lang='lat' dir='ltr'>carendum.</span> 
     </span>
    </p>
   </div>
   <div class='ocr_carea' id='block_1_3' title="bbox 262 405 1847 1683">
    <p class='ocr_par' dir='ltr' id='par_1_3' title="bbox 262 405 1787 1140">
     <span class='ocr_line' id='line_1_4' title="bbox 375 405 1784 464; baseline 0.004 -18"><span class='ocrx_word' id='word_1_20' title='bbox 375 405 605 447; x_wconf 87' lang='lat' dir='ltr'>Enimvero</span> <span class='ocrx_word' id='word_1_21' title='bbox 644 406 696 447; x_wconf 91' lang='lat' dir='ltr'>ad</span> <span class='ocrx_word' id='word_1_22' title='bbox 732 405 1006 462; x_wconf 88' lang='lat' dir='ltr'>philosophos</span> <span class='ocrx_word' id='word_1_23' title='bbox 1044 406 1199 448; x_wconf 89' lang='lat' dir='ltr'>librum</span> <span class='ocrx_word' id='word_1_24' title='bbox 1229 407 1369 462; x_wconf 82' lang='lat' dir='ltr'>legas3</span> <span class='ocrx_word' id='word_1_25' title='bbox 1415 409 1622 464; x_wconf 83' lang='lat' dir='ltr'>magistro</span> <span class='ocrx_word' id='word_1_26' title='bbox 1654 410 1784 452; x_wconf 89' lang='lat' dir='ltr'>inter-</span> 
     </span>
     <span class='ocr_line' id='line_1_5' title="bbox 263 473 1785 533; baseline 0.003 -19"><span class='ocrx_word' id='word_1_27' title='bbox 263 473 452 528; x_wconf 88' lang='lat' dir='ltr'>pretanti</span> <span class='ocrx_word' id='word_1_28' title='bbox 494 474 651 516; x_wconf 84' lang='lat' dir='ltr'>tacitus</span> <span class='ocrx_word' id='word_1_29' title='bbox 691 474 916 529; x_wconf 82' lang='lat' dir='ltr'>adtendas3</span> <span class='ocrx_word' id='word_1_30' title='bbox 953 475 1215 517; x_wconf 72' lang='lat' dir='ltr'>intellexisse</span> <span class='ocrx_word' id='word_1_31' title='bbox 1253 475 1435 530; x_wconf 84' lang='lat' dir='ltr'>adnuas3</span> <span class='ocrx_word' id='word_1_32' title='bbox 1481 477 1575 524; x_wconf 85' lang='lat' dir='ltr'>aliis</span> <span class='ocrx_word' id='word_1_33' title='bbox 1605 477 1785 533; x_wconf 82' lang='lat' dir='ltr'>legenti-</span> 
     </span>
     <span class='ocr_line' id='line_1_6' title="bbox 262 541 1785 599; baseline 0.005 -17"><span class='ocrx_word' id='word_1_34' title='bbox 262 542 341 582; x_wconf 87' lang='lat' dir='ltr'>bus</span> <span class='ocrx_word' id='word_1_35' title='bbox 371 541 461 596; x_wconf 87' lang='lat' dir='ltr'>ipse</span> <span class='ocrx_word' id='word_1_36' title='bbox 490 541 740 597; x_wconf 87' lang='lat' dir='ltr'>plerumque</span> <span class='ocrx_word' id='word_1_37' title='bbox 771 542 1003 597; x_wconf 55' lang='lat' dir='ltr'>dormites,</span> <span class='ocrx_word' id='word_1_38' title='bbox 1024 543 1171 585; x_wconf 84' lang='lat' dir='ltr'>audias</span> <span class='ocrx_word' id='word_1_39' title='bbox 1192 543 1230 585; x_wconf 88' lang='grc' dir='ltr'>τί</span> <span class='ocrx_word' id='word_1_40' title='bbox 1249 543 1298 586; x_wconf 88' lang='grc' dir='ltr'>τὸ</span> <span class='ocrx_word' id='word_1_41' title='bbox 1320 546 1511 599; x_wconf 85' lang='grc' dir='ltr'><strong>πρῶτον,</strong></span> <span class='ocrx_word' id='word_1_42' title='bbox 1543 545 1582 587; x_wconf 88' lang='grc' dir='ltr'>τί</span> <span class='ocrx_word' id='word_1_43' title='bbox 1611 546 1661 588; x_wconf 89' lang='grc' dir='ltr'>τὸ</span> <span class='ocrx_word' id='word_1_44' title='bbox 1691 546 1785 589; x_wconf 81' lang='grc' dir='ltr'>δεύ-</span> 
     </span>
     <span class='ocr_line' id='line_1_7' title="bbox 262 609 1785 666; baseline 0.003 -15"><span class='ocrx_word' id='word_1_45' title='bbox 262 623 389 664; x_wconf 69' lang='grc' dir='ltr'>τερον</span> <span class='ocrx_word' id='word_1_46' title='bbox 422 609 493 651; x_wconf 89' lang='lat' dir='ltr'>diu</span> <span class='ocrx_word' id='word_1_47' title='bbox 522 610 785 665; x_wconf 87' lang='lat' dir='ltr'>multumque</span> <span class='ocrx_word' id='word_1_48' title='bbox 815 611 1081 666; x_wconf 82' lang='lat' dir='ltr'>numerari²3</span> <span class='ocrx_word' id='word_1_49' title='bbox 1124 611 1159 654; x_wconf 88' lang='grc' dir='ltr'>εἰ</span> <span class='ocrx_word' id='word_1_50' title='bbox 1187 611 1323 664; x_wconf 84' lang='grc' dir='ltr'>ἡμέρα</span> <span class='ocrx_word' id='word_1_51' title='bbox 1354 612 1485 666; x_wconf 79' lang='grc' dir='ltr'><strong>ἐετὶν,</strong></span> <span class='ocrx_word' id='word_1_52' title='bbox 1518 613 1644 666; x_wconf 79' lang='grc' dir='ltr'>φῶε3</span> <span class='ocrx_word' id='word_1_53' title='bbox 1675 613 1785 657; x_wconf 82' lang='grc' dir='ltr'>ἐετὶν</span> 
     </span>
     <span class='ocr_line' id='line_1_8' title="bbox 262 677 1787 734; baseline 0.003 -16"><span class='ocrx_word' id='word_1_54' title='bbox 262 677 462 720; x_wconf 74' lang='lat' dir='ltr'>fenestris</span> <span class='ocrx_word' id='word_1_55' title='bbox 491 677 741 732; x_wconf 87' lang='lat' dir='ltr'>patentibus</span> <span class='ocrx_word' id='word_1_56' title='bbox 770 678 969 720; x_wconf 86' lang='lat' dir='ltr'>laborari.</span> <span class='ocrx_word' id='word_1_57' title='bbox 1031 678 1212 721; x_wconf 87' lang='lat' dir='ltr'>Securus</span> <span class='ocrx_word' id='word_1_58' title='bbox 1250 679 1348 721; x_wconf 90' lang='lat' dir='ltr'>inde</span> <span class='ocrx_word' id='word_1_59' title='bbox 1381 679 1532 734; x_wconf 82' lang='lat' dir='ltr'>abeas,</span> <span class='ocrx_word' id='word_1_60' title='bbox 1575 680 1639 722; x_wconf 89' lang='lat' dir='ltr'>cui</span> <span class='ocrx_word' id='word_1_61' title='bbox 1678 681 1787 723; x_wconf 89' lang='grc'><strong>1111111</strong></span> 
     </span>
     <span class='ocr_line' id='line_1_9' title="bbox 263 746 1786 804; baseline 0.003 -18"><span class='ocrx_word' id='word_1_62' title='bbox 263 759 339 800; x_wconf 91' lang='lat' dir='ltr'>per</span> <span class='ocrx_word' id='word_1_63' title='bbox 374 746 545 786; x_wconf 89' lang='lat' dir='ltr'>noctem</span> <span class='ocrx_word' id='word_1_64' title='bbox 582 746 874 788; x_wconf 89' lang='lat' dir='ltr'>meditandum</span> <span class='ocrx_word' id='word_1_65' title='bbox 914 748 986 788; x_wconf 87' lang='lat' dir='ltr'>aut</span> <span class='ocrx_word' id='word_1_66' title='bbox 1019 747 1391 802; x_wconf 88' lang='lat' dir='ltr'>conscribendum,</span> <span class='ocrx_word' id='word_1_67' title='bbox 1431 747 1539 789; x_wconf 88' lang='lat' dir='ltr'>nihil</span> <span class='ocrx_word' id='word_1_68' title='bbox 1578 748 1786 804; x_wconf 36' lang='lat' dir='ltr'>magi-stro</span> 
     </span>
     <span class='ocr_line' id='line_1_10' title="bbox 263 813 1783 874; baseline 0.003 -20"><span class='ocrx_word' id='word_1_69' title='bbox 263 813 542 867; x_wconf 87' lang='lat' dir='ltr'>recitandum,</span> <span class='ocrx_word' id='word_1_70' title='bbox 564 813 672 855; x_wconf 88' lang='lat' dir='ltr'>nihil</span> <span class='ocrx_word' id='word_1_71' title='bbox 694 814 744 855; x_wconf 88' lang='lat' dir='ltr'>de</span> <span class='ocrx_word' id='word_1_72' title='bbox 765 814 968 855; x_wconf 88' lang='lat' dir='ltr'>memoria</span> <span class='ocrx_word' id='word_1_73' title='bbox 987 814 1368 869; x_wconf 89' lang='lat' dir='ltr'>pronuntiandum,</span> <span class='ocrx_word' id='word_1_74' title='bbox 1391 814 1529 872; x_wconf 88' lang='lat' dir='ltr'>nu]l[a</span> <span class='ocrx_word' id='word_1_75' title='bbox 1543 815 1783 874; x_wconf 90' lang='lat' dir='ltr'>verborum]</span> 
     </span>
     <span class='ocr_line' id='line_1_11' title="bbox 262 881 1786 938; baseline 0.002 -16"><span class='ocrx_word' id='word_1_76' title='bbox 262 881 497 936; x_wconf 74' lang='lat' dir='ltr'>indagatio,</span> <span class='ocrx_word' id='word_1_77' title='bbox 529 881 688 923; x_wconf 85' lang='lat' dir='ltr'>nullius</span> <span class='ocrx_word' id='word_1_78' title='bbox 719 882 970 936; x_wconf 77' lang='lat' dir='ltr'>synonymi4</span> <span class='ocrx_word' id='word_1_79' title='bbox 1001 883 1197 936; x_wconf 86' lang='lat' dir='ltr'>ornatus,</span> <span class='ocrx_word' id='word_1_80' title='bbox 1234 882 1343 924; x_wconf 88' lang='lat' dir='ltr'>nihil</span> <span class='ocrx_word' id='word_1_81' title='bbox 1374 883 1424 924; x_wconf 91' lang='lat' dir='ltr'>de</span> <span class='ocrx_word' id='word_1_82' title='bbox 1455 897 1609 938; x_wconf 87' lang='lat' dir='ltr'>graeco</span> <span class='ocrx_word' id='word_1_83' title='bbox 1636 884 1683 925; x_wconf 92' lang='lat' dir='ltr'>in</span> <span class='ocrx_word' id='word_1_84' title='bbox 1712 898 1786 925; x_wconf 91' lang='lat' dir='ltr'>no-</span> 
     </span>
     <span class='ocr_line' id='line_1_12' title="bbox 263 948 1786 1007; baseline 0.002 -17"><span class='ocrx_word' id='word_1_85' title='bbox 263 950 396 990; x_wconf 88' lang='lat' dir='ltr'>stram</span> <span class='ocrx_word' id='word_1_86' title='bbox 438 949 634 1004; x_wconf 80' lang='lat' dir='ltr'>linguam</span> <span class='ocrx_word' id='word_1_87' title='bbox 682 948 871 1007; x_wconf 84' lang='lat' dir='ltr'>[pariter]</span> <span class='ocrx_word' id='word_1_88' title='bbox 921 949 1181 991; x_wconf 89' lang='lat' dir='ltr'>vertendum.</span> <span class='ocrx_word' id='word_1_89' title='bbox 1249 950 1302 992; x_wconf 91' lang='lat' dir='ltr'>In</span> <span class='ocrx_word' id='word_1_90' title='bbox 1347 965 1416 992; x_wconf 89' lang='lat' dir='ltr'>eos</span> <span class='ocrx_word' id='word_1_91' title='bbox 1461 965 1625 1006; x_wconf 86' lang='lat' dir='ltr'>quoque</span> <span class='ocrx_word' id='word_1_92' title='bbox 1668 965 1786 993; x_wconf 89' lang='lat' dir='ltr'>meus</span> 
     </span>
     <span class='ocr_line' id='line_1_13' title="bbox 262 1016 1787 1074; baseline 0.002 -17"><span class='ocrx_word' id='word_1_93' title='bbox 262 1017 468 1071; x_wconf 82' lang='lat' dir='ltr'>magister</span> <span class='ocrx_word' id='word_1_94' title='bbox 503 1017 734 1072; x_wconf 88' lang='lat' dir='ltr'>Dionysius</span> <span class='ocrx_word' id='word_1_95' title='bbox 773 1016 943 1059; x_wconf 86' lang='lat' dir='ltr'>tenuior</span> <span class='ocrx_word' id='word_1_96' title='bbox 973 1017 1043 1059; x_wconf 82' lang='lat' dir='ltr'>et⁵</span> <span class='ocrx_word' id='word_1_97' title='bbox 1074 1017 1350 1072; x_wconf 83' lang='lat' dir='ltr'>compositam</span> <span class='ocrx_word' id='word_1_98' title='bbox 1387 1018 1579 1060; x_wconf 79' lang='lat' dir='ltr'>fabulam</span> <span class='ocrx_word' id='word_1_99' title='bbox 1608 1018 1787 1074; x_wconf 87' lang='lat' dir='ltr'>protulit</span> 
     </span>
     <span class='ocr_line' id='line_1_14' title="bbox 263 1084 1231 1140; baseline 0.001 -15"><span class='ocrx_word' id='word_1_100' title='bbox 263 1084 314 1126; x_wconf 90' lang='lat' dir='ltr'>de</span> <span class='ocrx_word' id='word_1_101' title='bbox 345 1085 654 1140; x_wconf 82' lang='lat' dir='ltr'>disceptatione</span> <span class='ocrx_word' id='word_1_102' title='bbox 684 1085 784 1126; x_wconf 90' lang='lat' dir='ltr'>vitis</span> <span class='ocrx_word' id='word_1_103' title='bbox 815 1087 858 1127; x_wconf 88' lang='lat' dir='ltr'>et</span> <span class='ocrx_word' id='word_1_104' title='bbox 888 1085 1051 1126; x_wconf 86' lang='lat' dir='ltr'>arboris</span> <span class='ocrx_word' id='word_1_105' title='bbox 1080 1085 1191 1126; x_wconf 90' lang='lat' dir='ltr'>ilicis</span> <span class='ocrx_word' id='word_1_106' title='bbox 1202 1094 1231 1127; x_wconf 59' lang='grc' dir='ltr'>ὃ.</span> 
     </span>
    </p>

    <p class='ocr_par' dir='ltr' id='par_1_4' title="bbox 262 1152 1847 1683">
     <span class='ocr_line' id='line_1_15' title="bbox 262 1152 1788 1207; baseline 0.001 -13"><span class='ocrx_word' id='word_1_107' title='bbox 262 1152 265 1157; x_wconf 74' lang='grc'>’</span> <span class='ocrx_word' id='word_1_108' title='bbox 375 1152 489 1194; x_wconf 86' lang='lat' dir='ltr'>Vitis</span> <span class='ocrx_word' id='word_1_109' title='bbox 520 1167 564 1194; x_wconf 88' lang='lat' dir='ltr'>se</span> <span class='ocrx_word' id='word_1_110' title='bbox 596 1155 695 1195; x_wconf 88' lang='lat' dir='ltr'>ante</span> <span class='ocrx_word' id='word_1_111' title='bbox 725 1153 866 1195; x_wconf 85' lang='lat' dir='ltr'>ilicem</span> <span class='ocrx_word' id='word_1_112' title='bbox 896 1153 1084 1207; x_wconf 88' lang='lat' dir='ltr'>ferebat,</span> <span class='ocrx_word' id='word_1_113' title='bbox 1125 1153 1236 1207; x_wconf 89' lang='lat' dir='ltr'>quod</span> <span class='ocrx_word' id='word_1_114' title='bbox 1274 1153 1571 1195; x_wconf 83' lang='lat' dir='ltr'>suavissimum</span> <span class='ocrx_word' id='word_1_115' title='bbox 1599 1154 1788 1196; x_wconf 88' lang='lat' dir='ltr'>fructum</span> 
     </span>
     <span class='ocr_line' id='line_1_16' title="bbox 263 1219 1788 1263; baseline 0.001 -1"><span class='ocrx_word' id='word_1_116' title='bbox 263 1219 484 1262; x_wconf 85' lang='lat' dir='ltr'>hominum</span> <span class='ocrx_word' id='word_1_117' title='bbox 515 1220 719 1262; x_wconf 88' lang='lat' dir='ltr'>conviviis</span> <span class='ocrx_word' id='word_1_118' title='bbox 751 1226 793 1262; x_wconf 92' lang='lat' dir='ltr'>et</span> <span class='ocrx_word' id='word_1_119' title='bbox 823 1220 1021 1262; x_wconf 78' lang='grc'>(1001·111116</span> <span class='ocrx_word' id='word_1_120' title='bbox 1053 1220 1258 1262; x_wconf 89' lang='lat' dir='ltr'>altaribus</span> <span class='ocrx_word' id='word_1_121' title='bbox 1281 1223 1457 1263; x_wconf 87' lang='lat' dir='ltr'>crearet.</span> <span class='ocrx_word' id='word_1_122' title='bbox 1500 1221 1645 1263; x_wconf 89' lang='lat' dir='ltr'>Idem⁷</span> <span class='ocrx_word' id='word_1_123' title='bbox 1666 1221 1788 1263; x_wconf 85' lang='lat' dir='ltr'>dulce</span> 
     </span>
     <span class='ocr_line' id='line_1_17' title="bbox 265 1287 1787 1344; baseline 0.001 -15"><span class='ocrx_word' id='word_1_124' title='bbox 265 1302 351 1342; x_wconf 91' lang='grc'><strong>0311,</strong></span> <span class='ocrx_word' id='word_1_125' title='bbox 383 1287 496 1330; x_wconf 89' lang='lat' dir='ltr'>idem</span> <span class='ocrx_word' id='word_1_126' title='bbox 526 1288 683 1330; x_wconf 89' lang='lat' dir='ltr'>haustu</span> <span class='ocrx_word' id='word_1_127' title='bbox 712 1288 958 1330; x_wconf 89' lang='lat' dir='ltr'>iucundum.</span> <span class='ocrx_word' id='word_1_128' title='bbox 1001 1288 1110 1329; x_wconf 88' lang='lat' dir='ltr'>Tum</span> <span class='ocrx_word' id='word_1_129' title='bbox 1141 1303 1185 1330; x_wconf 86' lang='lat' dir='ltr'>se</span> <span class='ocrx_word' id='word_1_130' title='bbox 1215 1289 1373 1330; x_wconf 87' lang='lat' dir='ltr'>maiore</span> <span class='ocrx_word' id='word_1_131' title='bbox 1401 1303 1501 1330; x_wconf 90' lang='lat' dir='ltr'>cura</span> <span class='ocrx_word' id='word_1_132' title='bbox 1522 1303 1649 1344; x_wconf 89' lang='lat' dir='ltr'>quam</span> <span class='ocrx_word' id='word_1_133' title='bbox 1671 1288 1787 1331; x_wconf 90' lang='lat' dir='ltr'>Cleo-</span> 
     </span>
     <span class='ocr_line' id='line_1_18' title="bbox 263 1355 1785 1411; baseline 0.001 -15"><span class='ocrx_word' id='word_1_134' title='bbox 263 1357 431 1409; x_wconf 88' lang='lat' dir='ltr'>patram</span> <span class='ocrx_word' id='word_1_135' title='bbox 470 1356 666 1411; x_wconf 83' lang='lat' dir='ltr'>reginam</span> <span class='ocrx_word' id='word_1_136' title='bbox 702 1355 866 1410; x_wconf 88' lang='lat' dir='ltr'>ornari,</span> <span class='ocrx_word' id='word_1_137' title='bbox 915 1356 1124 1411; x_wconf 86' lang='lat' dir='ltr'>comptius</span> <span class='ocrx_word' id='word_1_138' title='bbox 1170 1371 1297 1411; x_wconf 88' lang='lat' dir='ltr'>quam</span> <span class='ocrx_word' id='word_1_139' title='bbox 1332 1355 1506 1398; x_wconf 86' lang='lat' dir='ltr'>Laidem</span> <span class='ocrx_word' id='word_1_140' title='bbox 1543 1357 1785 1398; x_wconf 85' lang='lat' dir='ltr'>formosam.</span> 
     </span>
     <span class='ocr_line' id='line_1_19' title="bbox 263 1422 1788 1478; baseline 0.001 -14"><span class='ocrx_word' id='word_1_141' title='bbox 263 1422 494 1478; x_wconf 86' lang='lat' dir='ltr'>Pampinos</span> <span class='ocrx_word' id='word_1_142' title='bbox 516 1438 612 1466; x_wconf 91' lang='lat' dir='ltr'>suos</span> <span class='ocrx_word' id='word_1_143' title='bbox 633 1425 694 1466; x_wconf 90' lang='lat' dir='ltr'>ita</span> <span class='ocrx_word' id='word_1_144' title='bbox 724 1422 924 1478; x_wconf 88' lang='lat' dir='ltr'>pulchros</span> <span class='ocrx_word' id='word_1_145' title='bbox 956 1438 1058 1478; x_wconf 86' lang='lat' dir='ltr'>esse,</span> <span class='ocrx_word' id='word_1_146' title='bbox 1091 1425 1140 1464; x_wconf 92' lang='lat' dir='ltr'>ut</span> <span class='ocrx_word' id='word_1_147' title='bbox 1169 1426 1445 1465; x_wconf 85' lang='lat' dir='ltr'>necterentur</span> <span class='ocrx_word' id='word_1_148' title='bbox 1476 1438 1525 1465; x_wconf 90' lang='lat' dir='ltr'>ex</span> <span class='ocrx_word' id='word_1_149' title='bbox 1556 1424 1615 1466; x_wconf 86' lang='lat' dir='ltr'>eis</span> <span class='ocrx_word' id='word_1_150' title='bbox 1636 1424 1788 1466; x_wconf 89' lang='lat' dir='ltr'>Libero</span> 
     </span>
     <span class='ocr_line' id='line_1_20' title="bbox 263 1490 1847 1546; baseline 0.001 -15"><span class='ocrx_word' id='word_1_151' title='bbox 263 1490 421 1545; x_wconf 91' lang='lat' dir='ltr'>thyrsi,</span> <span class='ocrx_word' id='word_1_152' title='bbox 457 1505 612 1533; x_wconf 88' lang='lat' dir='ltr'>corona</span> <span class='ocrx_word' id='word_1_153' title='bbox 643 1491 800 1546; x_wconf 82' lang='lat' dir='ltr'>Sileno,</span> <span class='ocrx_word' id='word_1_154' title='bbox 833 1491 1034 1546; x_wconf 84' lang='lat' dir='ltr'>nymphis</span> <span class='ocrx_word' id='word_1_155' title='bbox 1061 1491 1319 1546; x_wconf 85' lang='lat' dir='ltr'>bacchisque</span> <span class='ocrx_word' id='word_1_156' title='bbox 1349 1491 1617 1546; x_wconf 84' lang='lat' dir='ltr'>redimicula3</span> <span class='ocrx_word' id='word_1_157' title='bbox 1647 1491 1789 1534; x_wconf 90' lang='lat' dir='ltr'>ilicem</span> <span class='ocrx_word' id='word_1_158' title='bbox 1844 1535 1847 1538; x_wconf 74' lang='grc'><strong>,</strong></span> 
     </span>
     <span class='ocr_line' id='line_1_21' title="bbox 265 1558 1790 1616; baseline 0.001 -16"><span class='ocrx_word' id='word_1_159' title='bbox 265 1573 354 1601; x_wconf 87' lang='grc'><strong>0330</strong></span> <span class='ocrx_word' id='word_1_160' title='bbox 392 1558 629 1613; x_wconf 77' lang='lat' dir='ltr'>horridam,</span> <span class='ocrx_word' id='word_1_161' title='bbox 668 1559 1001 1612; x_wconf 86' lang='lat' dir='ltr'>infructuosam,</span> <span class='ocrx_word' id='word_1_162' title='bbox 1047 1558 1342 1616; x_wconf 73' lang='lat' dir='ltr'>inamabilem:</span> <span class='ocrx_word' id='word_1_163' title='bbox 1395 1574 1538 1601; x_wconf 89' lang='lat' dir='ltr'>creare</span> <span class='ocrx_word' id='word_1_164' title='bbox 1576 1559 1678 1601; x_wconf 90' lang='lat' dir='ltr'>boni</span> <span class='ocrx_word' id='word_1_165' title='bbox 1716 1562 1790 1601; x_wconf 87' lang='lat' dir='ltr'>aut</span> 
     </span>
     <span class='ocr_line' id='line_1_22' title="bbox 265 1626 1789 1683; baseline 0.001 -15"><span class='ocrx_word' id='word_1_166' title='bbox 265 1627 431 1669; x_wconf 89' lang='lat' dir='ltr'>amoeni</span> <span class='ocrx_word' id='word_1_167' title='bbox 461 1642 695 1683; x_wconf 89' lang='lat' dir='ltr'>numquam</span> <span class='ocrx_word' id='word_1_168' title='bbox 726 1627 952 1683; x_wconf 87' lang='lat' dir='ltr'>quicquam</span> <span class='ocrx_word' id='word_1_169' title='bbox 985 1626 1017 1682; x_wconf 73' lang='grc'>18</span> <span class='ocrx_word' id='word_1_170' title='bbox 1027 1628 1199 1681; x_wconf 89' lang='lat' dir='ltr'>praeter</span> <span class='ocrx_word' id='word_1_171' title='bbox 1229 1626 1431 1682; x_wconf 83' lang='lat' dir='ltr'>glandem</span> <span class='ocrx_word' id='word_1_172' title='bbox 1454 1660 1760 1669; x_wconf 91' lang='grc'><strong>........</strong></span> <span class='ocrx_word' id='word_1_173' title='bbox 1772 1629 1789 1654; x_wconf 79' lang='lat'>⁹</span> 
     </span>
    </p>
   </div>
   <div class='ocr_carea' id='block_1_4' title="bbox 263 1744 534 1749">
    <p class='ocr_par' dir='ltr' id='par_1_5' title="bbox 263 1744 534 1749">
     <span class='ocr_line' id='line_1_23' title="bbox 263 1744 534 1749; baseline 0 0"><span class='ocrx_word' id='word_1_174' title='bbox 263 1744 534 1749; x_wconf 95' lang='lat' dir='ltr'> </span> 
     </span>
    </p>
   </div>
   <div class='ocr_carea' id='block_1_5' title="bbox 265 1795 1789 1891">
    <p class='ocr_par' dir='ltr' id='par_1_6' title="bbox 265 1795 1789 1891">
     <span class='ocr_line' id='line_1_24' title="bbox 377 1795 1789 1842; baseline -0.001 -9"><span class='ocrx_word' id='word_1_175' title='bbox 377 1808 399 1833; x_wconf 86' lang='lat' dir='ltr'>a</span> <span class='ocrx_word' id='word_1_176' title='bbox 424 1800 468 1832; x_wconf 81' lang='lat' dir='ltr'>In</span> <span class='ocrx_word' id='word_1_177' title='bbox 483 1800 652 1842; x_wconf 67' lang='lat' dir='ltr'>margine:</span> <span class='ocrx_word' id='word_1_178' title='bbox 676 1797 731 1832; x_wconf 93' lang='lat' dir='ltr'>De</span> <span class='ocrx_word' id='word_1_179' title='bbox 747 1796 857 1833; x_wconf 86' lang='lat' dir='ltr'>laude</span> <span class='ocrx_word' id='word_1_180' title='bbox 877 1796 958 1832; x_wconf 87' lang='lat' dir='ltr'>vitis</span> <span class='ocrx_word' id='word_1_181' title='bbox 977 1807 1089 1841; x_wconf 86' lang='lat' dir='ltr'>quam</span> <span class='ocrx_word' id='word_1_182' title='bbox 1111 1795 1220 1839; x_wconf 84' lang='lat' dir='ltr'>ilicis,</span> <span class='ocrx_word' id='word_1_183' title='bbox 1247 1796 1285 1832; x_wconf 90' lang='lat' dir='ltr'>et</span> <span class='ocrx_word' id='word_1_184' title='bbox 1301 1796 1346 1832; x_wconf 92' lang='lat' dir='ltr'>de</span> <span class='ocrx_word' id='word_1_185' title='bbox 1364 1795 1649 1842; x_wconf 84' lang='lat' dir='ltr'>disceptatione,</span> <span class='ocrx_word' id='word_1_186' title='bbox 1677 1807 1789 1841; x_wconf 88' lang='lat' dir='ltr'>quam</span> 
     </span>
     <span class='ocr_line' id='line_1_25' title="bbox 265 1853 757 1891; baseline 0 -3"><span class='ocrx_word' id='word_1_187' title='bbox 265 1853 335 1888; x_wconf 85' lang='lat' dir='ltr'>sibi</span> <span class='ocrx_word' id='word_1_188' title='bbox 360 1853 516 1890; x_wconf 89' lang='lat' dir='ltr'>invicem</span> <span class='ocrx_word' id='word_1_189' title='bbox 540 1854 757 1891; x_wconf 87' lang='lat' dir='ltr'>retulerunt.</span> 
     </span>
    </p>
   </div>
   <div class='ocr_carea' id='block_1_6' title="bbox 264 1960 534 1964">
    <p class='ocr_par' dir='ltr' id='par_1_7' title="bbox 264 1960 534 1964">
     <span class='ocr_line' id='line_1_26' title="bbox 264 1960 534 1964; baseline 0 0"><span class='ocrx_word' id='word_1_190' title='bbox 264 1960 534 1964; x_wconf 95' lang='lat' dir='ltr'> </span> 
     </span>
    </p>
   </div>
   <div class='ocr_carea' id='block_1_7' title="bbox 264 2010 1839 2904">
    <p class='ocr_par' dir='ltr' id='par_1_8' title="bbox 380 2010 1787 2057">
     <span class='ocr_line' id='line_1_27' title="bbox 380 2010 1787 2057; baseline -0.002 -9"><span class='ocrx_word' id='word_1_191' title='bbox 380 2017 397 2048; x_wconf 89' lang='lat'>1</span> <span class='ocrx_word' id='word_1_192' title='bbox 422 2012 587 2057; x_wconf 86' lang='lat' dir='ltr'>Paginae</span> <span class='ocrx_word' id='word_1_193' title='bbox 612 2016 677 2048; x_wconf 88' lang='lat'>383</span> <span class='ocrx_word' id='word_1_194' title='bbox 703 2024 797 2057; x_wconf 88' lang='lat' dir='ltr'>quae</span> <span class='ocrx_word' id='word_1_195' title='bbox 823 2011 1004 2057; x_wconf 87' lang='lat' dir='ltr'>sequitur,</span> <span class='ocrx_word' id='word_1_196' title='bbox 1035 2011 1126 2046; x_wconf 88' lang='lat' dir='ltr'>nihil</span> <span class='ocrx_word' id='word_1_197' title='bbox 1150 2011 1326 2056; x_wconf 89' lang='lat' dir='ltr'>superest.</span> <span class='ocrx_word' id='word_1_198' title='bbox 1375 2010 1510 2056; x_wconf 84' lang='lat' dir='ltr'>Incipit</span> <span class='ocrx_word' id='word_1_199' title='bbox 1534 2010 1621 2046; x_wconf 89' lang='lat' dir='ltr'>Cod.</span> <span class='ocrx_word' id='word_1_200' title='bbox 1648 2023 1684 2056; x_wconf 88' lang='lat' dir='ltr'>p.</span> <span class='ocrx_word' id='word_1_201' title='bbox 1711 2014 1787 2047; x_wconf 87' lang='lat'>388.</span> 
     </span>
    </p>

    <p class='ocr_par' dir='ltr' id='par_1_9' title="bbox 378 2067 1730 2113">
     <span class='ocr_line' id='line_1_28' title="bbox 378 2067 1730 2113; baseline -0.001 -9"><span class='ocrx_word' id='word_1_202' title='bbox 378 2074 398 2103; x_wconf 84' lang='lat'><strong>2</strong></span> <span class='ocrx_word' id='word_1_203' title='bbox 424 2069 563 2104; x_wconf 85' lang='lat' dir='ltr'>Codex:</span> <span class='ocrx_word' id='word_1_204' title='bbox 590 2082 778 2104; x_wconf 82' lang='lat' dir='ltr'>numerare.</span> <span class='ocrx_word' id='word_1_205' title='bbox 828 2068 1050 2113; x_wconf 85' lang='lat' dir='ltr'>Sequuntur,</span> <span class='ocrx_word' id='word_1_206' title='bbox 1075 2068 1115 2102; x_wconf 90' lang='lat' dir='ltr'>ut</span> <span class='ocrx_word' id='word_1_207' title='bbox 1139 2067 1296 2110; x_wconf 86' lang='lat' dir='ltr'>videtur,</span> <span class='ocrx_word' id='word_1_208' title='bbox 1321 2067 1393 2101; x_wconf 92' lang='lat' dir='ltr'>duo</span> <span class='ocrx_word' id='word_1_209' title='bbox 1418 2078 1545 2102; x_wconf 85' lang='lat' dir='ltr'>versus</span> <span class='ocrx_word' id='word_1_210' title='bbox 1568 2067 1730 2111; x_wconf 70' lang='lat' dir='ltr'>fugaces</span> 
     </span>
    </p>

    <p class='ocr_par' dir='ltr' id='par_1_10' title="bbox 264 2122 1789 2507">
     <span class='ocr_line' id='line_1_29' title="bbox 378 2122 1788 2169; baseline -0.001 -9"><span class='ocrx_word' id='word_1_211' title='bbox 378 2129 398 2160; x_wconf 90' lang='lat'>3</span> <span class='ocrx_word' id='word_1_212' title='bbox 425 2124 563 2160; x_wconf 84' lang='lat' dir='ltr'>Codex:</span> <span class='ocrx_word' id='word_1_213' title='bbox 590 2129 683 2168; x_wconf 71' lang='grc' dir='ltr'>πῶς,</span> <span class='ocrx_word' id='word_1_214' title='bbox 709 2125 809 2169; x_wconf 87' lang='lat' dir='ltr'>quod</span> <span class='ocrx_word' id='word_1_215' title='bbox 832 2124 950 2159; x_wconf 86' lang='lat' dir='ltr'>Maius</span> <span class='ocrx_word' id='word_1_216' title='bbox 974 2136 1048 2160; x_wconf 90' lang='lat' dir='ltr'>non</span> <span class='ocrx_word' id='word_1_217' title='bbox 1074 2123 1249 2159; x_wconf 88' lang='lat' dir='ltr'>correxit!</span> <span class='ocrx_word' id='word_1_218' title='bbox 1277 2144 1316 2148; x_wconf 90' lang='lat'>——</span> <span class='ocrx_word' id='word_1_219' title='bbox 1351 2123 1509 2157; x_wconf 88' lang='lat' dir='ltr'>Omnino</span> <span class='ocrx_word' id='word_1_220' title='bbox 1534 2122 1673 2158; x_wconf 88' lang='lat' dir='ltr'>Fronto</span> <span class='ocrx_word' id='word_1_221' title='bbox 1698 2134 1788 2168; x_wconf 84' lang='lat' dir='ltr'>prae</span> 
     </span>
     <span class='ocr_line' id='line_1_30' title="bbox 266 2178 1789 2226; baseline -0.001 -10"><span class='ocrx_word' id='word_1_222' title='bbox 266 2181 379 2217; x_wconf 90' lang='lat' dir='ltr'>oculis</span> <span class='ocrx_word' id='word_1_223' title='bbox 403 2181 519 2216; x_wconf 90' lang='lat' dir='ltr'>habet</span> <span class='ocrx_word' id='word_1_224' title='bbox 543 2180 695 2216; x_wconf 83' lang='lat' dir='ltr'>Sextum</span> <span class='ocrx_word' id='word_1_225' title='bbox 720 2180 936 2226; x_wconf 88' lang='lat' dir='ltr'>empiricum</span> <span class='ocrx_word' id='word_1_226' title='bbox 958 2179 1074 2215; x_wconf 87' lang='lat' dir='ltr'>Marci</span> <span class='ocrx_word' id='word_1_227' title='bbox 1098 2179 1319 2223; x_wconf 88' lang='lat' dir='ltr'>magistrum</span> <span class='ocrx_word' id='word_1_228' title='bbox 1337 2178 1438 2213; x_wconf 75' lang='lat' dir='ltr'>cuius</span> <span class='ocrx_word' id='word_1_229' title='bbox 1454 2178 1547 2213; x_wconf 87' lang='grc'><strong>11000</strong></span> <span class='ocrx_word' id='word_1_230' title='bbox 1570 2178 1651 2223; x_wconf 80' lang='lat' dir='ltr'>ipsa</span> <span class='ocrx_word' id='word_1_231' title='bbox 1674 2180 1789 2214; x_wconf 85' lang='lat' dir='ltr'>verba</span> 
     </span>
     <span class='ocr_line' id='line_1_31' title="bbox 264 2234 1788 2283; baseline -0.001 -11"><span class='ocrx_word' id='word_1_232' title='bbox 264 2238 439 2283; x_wconf 86' lang='lat' dir='ltr'>leguntur</span> <span class='ocrx_word' id='word_1_233' title='bbox 462 2237 637 2283; x_wconf 82' lang='lat' dir='ltr'>pyrrhon.</span> <span class='ocrx_word' id='word_1_234' title='bbox 663 2238 708 2272; x_wconf 89' lang='lat' dir='ltr'>II.</span> <span class='ocrx_word' id='word_1_235' title='bbox 737 2241 778 2272; x_wconf 87' lang='lat'>14</span> <span class='ocrx_word' id='word_1_236' title='bbox 795 2237 831 2273; x_wconf 79' lang='lat' dir='ltr'>ff.</span> <span class='ocrx_word' id='word_1_237' title='bbox 861 2240 925 2271; x_wconf 87' lang='grc'>198</span> <span class='ocrx_word' id='word_1_238' title='bbox 942 2248 1020 2281; x_wconf 85' lang='lat' dir='ltr'>sqq.</span> <span class='ocrx_word' id='word_1_239' title='bbox 1049 2237 1086 2271; x_wconf 90' lang='lat' dir='ltr'>et</span> <span class='ocrx_word' id='word_1_240' title='bbox 1110 2235 1239 2271; x_wconf 86' lang='lat' dir='ltr'>contra</span> <span class='ocrx_word' id='word_1_241' title='bbox 1254 2235 1327 2279; x_wconf 87' lang='lat' dir='ltr'>log.</span> <span class='ocrx_word' id='word_1_242' title='bbox 1349 2238 1389 2268; x_wconf 92' lang='lat'>11</span> <span class='ocrx_word' id='word_1_243' title='bbox 1408 2234 1444 2269; x_wconf 87' lang='lat' dir='ltr'>ff.</span> <span class='ocrx_word' id='word_1_244' title='bbox 1463 2238 1529 2269; x_wconf 89' lang='grc'>418</span> <span class='ocrx_word' id='word_1_245' title='bbox 1546 2245 1624 2278; x_wconf 83' lang='lat' dir='ltr'>sqq.</span> <span class='ocrx_word' id='word_1_246' title='bbox 1666 2235 1788 2279; x_wconf 86' lang='lat' dir='ltr'>Atque</span> 
     </span>
     <span class='ocr_line' id='line_1_32' title="bbox 264 2290 1788 2329; baseline -0.002 0"><span class='ocrx_word' id='word_1_247' title='bbox 264 2294 350 2329; x_wconf 90' lang='lat' dir='ltr'>hinc</span> <span class='ocrx_word' id='word_1_248' title='bbox 375 2295 592 2329; x_wconf 86' lang='lat' dir='ltr'>confirmare</span> <span class='ocrx_word' id='word_1_249' title='bbox 616 2293 703 2328; x_wconf 86' lang='lat' dir='ltr'>lieet</span> <span class='ocrx_word' id='word_1_250' title='bbox 728 2292 880 2328; x_wconf 85' lang='lat' dir='ltr'>Sextum</span> <span class='ocrx_word' id='word_1_251' title='bbox 910 2292 1014 2326; x_wconf 89' lang='lat' dir='ltr'>illum</span> <span class='ocrx_word' id='word_1_252' title='bbox 1047 2292 1333 2327; x_wconf 87' lang='lat' dir='ltr'>chaeronensem</span> <span class='ocrx_word' id='word_1_253' title='bbox 1367 2301 1498 2326; x_wconf 88' lang='lat' dir='ltr'>revera</span> <span class='ocrx_word' id='word_1_254' title='bbox 1529 2290 1686 2326; x_wconf 83' lang='lat' dir='ltr'>eundem</span> <span class='ocrx_word' id='word_1_255' title='bbox 1710 2302 1788 2326; x_wconf 85' lang='lat' dir='ltr'>esse</span> 
     </span>
     <span class='ocr_line' id='line_1_33' title="bbox 266 2345 1789 2395; baseline -0.003 -9"><span class='ocrx_word' id='word_1_256' title='bbox 266 2352 378 2395; x_wconf 85' lang='lat' dir='ltr'>atque</span> <span class='ocrx_word' id='word_1_257' title='bbox 402 2351 499 2385; x_wconf 90' lang='lat' dir='ltr'>hunc</span> <span class='ocrx_word' id='word_1_258' title='bbox 524 2349 756 2395; x_wconf 88' lang='lat' dir='ltr'>empiricum,</span> <span class='ocrx_word' id='word_1_259' title='bbox 788 2350 917 2385; x_wconf 88' lang='lat' dir='ltr'>contra</span> <span class='ocrx_word' id='word_1_260' title='bbox 947 2348 1158 2384; x_wconf 83' lang='lat' dir='ltr'>criticorum</span> <span class='ocrx_word' id='word_1_261' title='bbox 1189 2345 1451 2382; x_wconf 86' lang='lat' dir='ltr'>dubitationes.</span> <span class='ocrx_word' id='word_1_262' title='bbox 1499 2347 1640 2382; x_wconf 86' lang='lat' dir='ltr'>Harum</span> <span class='ocrx_word' id='word_1_263' title='bbox 1665 2348 1789 2382; x_wconf 86' lang='lat' dir='ltr'>autem</span> 
     </span>
     <span class='ocr_line' id='line_1_34' title="bbox 266 2402 1788 2452; baseline -0.003 -10"><span class='ocrx_word' id='word_1_264' title='bbox 266 2407 498 2452; x_wconf 85' lang='lat' dir='ltr'>argutiarum</span> <span class='ocrx_word' id='word_1_265' title='bbox 529 2417 640 2441; x_wconf 85' lang='lat' dir='ltr'>causa</span> <span class='ocrx_word' id='word_1_266' title='bbox 669 2406 747 2451; x_wconf 83' lang='lat' dir='ltr'>ipse</span> <span class='ocrx_word' id='word_1_267' title='bbox 776 2405 922 2440; x_wconf 85' lang='lat' dir='ltr'>Marcus</span> <span class='ocrx_word' id='word_1_268' title='bbox 948 2416 1031 2440; x_wconf 88' lang='lat' dir='ltr'>eum</span> <span class='ocrx_word' id='word_1_269' title='bbox 1055 2405 1102 2440; x_wconf 89' lang='lat' dir='ltr'>ab</span> <span class='ocrx_word' id='word_1_270' title='bbox 1128 2404 1209 2439; x_wconf 84' lang='lat' dir='ltr'>aliis</span> <span class='ocrx_word' id='word_1_271' title='bbox 1232 2403 1359 2438; x_wconf 83' lang='lat' dir='ltr'>irrisus</span> <span class='ocrx_word' id='word_1_272' title='bbox 1386 2404 1459 2447; x_wconf 81' lang='lat' dir='ltr'>est,</span> <span class='ocrx_word' id='word_1_273' title='bbox 1487 2403 1568 2438; x_wconf 87' lang='lat' dir='ltr'>tum</span> <span class='ocrx_word' id='word_1_274' title='bbox 1598 2402 1710 2438; x_wconf 82' lang='lat' dir='ltr'>etiam</span> <span class='ocrx_word' id='word_1_275' title='bbox 1740 2403 1788 2438; x_wconf 90' lang='lat' dir='ltr'>ab</span> 
     </span>
     <span class='ocr_line' id='line_1_35' title="bbox 265 2460 1290 2507; baseline -0.004 -9"><span class='ocrx_word' id='word_1_276' title='bbox 265 2463 398 2498; x_wconf 90' lang='lat' dir='ltr'>Avidio</span> <span class='ocrx_word' id='word_1_277' title='bbox 425 2462 561 2498; x_wconf 85' lang='lat' dir='ltr'>Cassio.</span> <span class='ocrx_word' id='word_1_278' title='bbox 612 2461 807 2507; x_wconf 82' lang='lat' dir='ltr'>Capitolin.</span> <span class='ocrx_word' id='word_1_279' title='bbox 833 2462 871 2496; x_wconf 90' lang='lat' dir='ltr'>in</span> <span class='ocrx_word' id='word_1_280' title='bbox 893 2461 1001 2496; x_wconf 91' lang='lat' dir='ltr'>huius</span> <span class='ocrx_word' id='word_1_281' title='bbox 1027 2460 1114 2496; x_wconf 85' lang='lat' dir='ltr'>vita.</span> <span class='ocrx_word' id='word_1_282' title='bbox 1164 2463 1290 2495; x_wconf 73' lang='lat' dir='ltr'>Maius.</span> 
     </span>
    </p>

    <p class='ocr_par' dir='ltr' id='par_1_11' title="bbox 316 2519 1351 2564">
     <span class='ocr_line' id='line_1_36' title="bbox 316 2519 1351 2564; baseline -0.003 -10"><span class='ocrx_word' id='word_1_283' title='bbox 316 2531 325 2538; x_wconf 89' lang='lat'><strong>·</strong></span> <span class='ocrx_word' id='word_1_284' title='bbox 378 2523 400 2554; x_wconf 90' lang='grc'>4</span> <span class='ocrx_word' id='word_1_285' title='bbox 423 2519 481 2554; x_wconf 85' lang='lat' dir='ltr'>F.:</span> <span class='ocrx_word' id='word_1_286' title='bbox 513 2523 620 2554; x_wconf 80' lang='lat' dir='ltr'>nullus</span> <span class='ocrx_word' id='word_1_287' title='bbox 644 2523 678 2553; x_wconf 83' lang='lat' dir='ltr'>in</span> <span class='ocrx_word' id='word_1_288' title='bbox 702 2522 893 2564; x_wconf 72' lang='lat' dir='ltr'>synonymis</span> <span class='ocrx_word' id='word_1_289' title='bbox 918 2525 1069 2554; x_wconf 82' lang='lat' dir='ltr'>ornatus.</span> <span class='ocrx_word' id='word_1_290' title='bbox 1117 2519 1351 2559; x_wconf 74' lang='lat' dir='ltr'>HeindorfiuS.</span> 
     </span>
    </p>

    <p class='ocr_par' dir='ltr' id='par_1_12' title="bbox 381 2572 1687 2619">
     <span class='ocr_line' id='line_1_37' title="bbox 381 2572 1687 2619; baseline -0.004 -9"><span class='ocrx_word' id='word_1_291' title='bbox 381 2579 401 2611; x_wconf 87' lang='lat'>5</span> <span class='ocrx_word' id='word_1_292' title='bbox 424 2575 543 2611; x_wconf 85' lang='lat' dir='ltr'>Maius</span> <span class='ocrx_word' id='word_1_293' title='bbox 566 2575 698 2610; x_wconf 87' lang='lat' dir='ltr'>inserit</span> <span class='ocrx_word' id='word_1_294' title='bbox 721 2578 820 2618; x_wconf 79' lang='lat' dir='ltr'>illam,</span> <span class='ocrx_word' id='word_1_295' title='bbox 846 2585 917 2618; x_wconf 88' lang='lat' dir='ltr'>quo</span> <span class='ocrx_word' id='word_1_296' title='bbox 942 2573 1122 2609; x_wconf 83' lang='lat' dir='ltr'>vocabulo</span> <span class='ocrx_word' id='word_1_297' title='bbox 1149 2572 1273 2608; x_wconf 86' lang='lat' dir='ltr'>Codex</span> <span class='ocrx_word' id='word_1_298' title='bbox 1297 2573 1409 2607; x_wconf 88' lang='lat' dir='ltr'>caret.</span> <span class='ocrx_word' id='word_1_299' title='bbox 1684 2616 1687 2619; x_wconf 30' lang='lat'><em>-</em></span> 
     </span>
    </p>

    <p class='ocr_par' dir='ltr' id='par_1_13' title="bbox 267 2626 1839 2724">
     <span class='ocr_line' id='line_1_38' title="bbox 380 2626 1839 2674; baseline -0.003 -7"><span class='ocrx_word' id='word_1_300' title='bbox 380 2637 400 2667; x_wconf 86' lang='grc'><strong>6</strong></span> <span class='ocrx_word' id='word_1_301' title='bbox 424 2632 520 2668; x_wconf 86' lang='lat' dir='ltr'>Dedi</span> <span class='ocrx_word' id='word_1_302' title='bbox 542 2631 738 2667; x_wconf 88' lang='lat' dir='ltr'>lectionem</span> <span class='ocrx_word' id='word_1_303' title='bbox 762 2630 862 2672; x_wconf 83' lang='lat' dir='ltr'>Maii,</span> <span class='ocrx_word' id='word_1_304' title='bbox 886 2630 950 2666; x_wconf 89' lang='lat' dir='ltr'>sed</span> <span class='ocrx_word' id='word_1_305' title='bbox 965 2640 1040 2665; x_wconf 89' lang='lat' dir='ltr'>non</span> <span class='ocrx_word' id='word_1_306' title='bbox 1057 2629 1146 2667; x_wconf 80' lang='lat' dir='ltr'>satis</span> <span class='ocrx_word' id='word_1_307' title='bbox 1169 2630 1225 2664; x_wconf 83' lang='lat' dir='ltr'>est</span> <span class='ocrx_word' id='word_1_308' title='bbox 1248 2628 1359 2674; x_wconf 87' lang='lat' dir='ltr'>spatii</span> <span class='ocrx_word' id='word_1_309' title='bbox 1373 2628 1412 2663; x_wconf 86' lang='lat' dir='ltr'>in</span> <span class='ocrx_word' id='word_1_310' title='bbox 1430 2626 1563 2663; x_wconf 83' lang='lat' dir='ltr'>Codice</span> <span class='ocrx_word' id='word_1_311' title='bbox 1587 2627 1650 2671; x_wconf 87' lang='lat' dir='ltr'>qui</span> <span class='ocrx_word' id='word_1_312' title='bbox 1673 2628 1790 2663; x_wconf 86' lang='lat' dir='ltr'>habet</span> <span class='ocrx_word' id='word_1_313' title='bbox 1832 2661 1839 2671; x_wconf 70' lang='grc'><strong>,</strong></span> 
     </span>
     <span class='ocr_line' id='line_1_39' title="bbox 267 2685 996 2724; baseline -0.004 0"><span class='ocrx_word' id='word_1_314' title='bbox 267 2689 356 2724; x_wconf 92' lang='lat' dir='ltr'>DIC.</span> <span class='ocrx_word' id='word_1_315' title='bbox 398 2689 497 2724; x_wconf 85' lang='lat' dir='ltr'>Malo</span> <span class='ocrx_word' id='word_1_316' title='bbox 522 2688 617 2724; x_wconf 81' lang='lat' dir='ltr'>deum</span> <span class='ocrx_word' id='word_1_317' title='bbox 645 2700 727 2723; x_wconf 90' lang='lat' dir='ltr'>cum</span> <span class='ocrx_word' id='word_1_318' title='bbox 757 2687 824 2722; x_wconf 89' lang='lat' dir='ltr'>Ed.</span> <span class='ocrx_word' id='word_1_319' title='bbox 847 2685 996 2722; x_wconf 86' lang='lat' dir='ltr'>Mediol.</span> 
     </span>
    </p>

    <p class='ocr_par' dir='ltr' id='par_1_14' title="bbox 381 2741 1214 2786">
     <span class='ocr_line' id='line_1_40' title="bbox 381 2741 1214 2786; baseline -0.005 -6"><span class='ocrx_word' id='word_1_320' title='bbox 381 2750 400 2780; x_wconf 80' lang='lat'>7</span> <span class='ocrx_word' id='word_1_321' title='bbox 425 2745 673 2780; x_wconf 81' lang='lat' dir='ltr'>Heindorfius:</span> <span class='ocrx_word' id='word_1_322' title='bbox 699 2748 777 2779; x_wconf 81' lang='lat' dir='ltr'>item</span> <span class='ocrx_word' id='word_1_323' title='bbox 801 2743 907 2778; x_wconf 87' lang='lat' dir='ltr'>dulce</span> <span class='ocrx_word' id='word_1_324' title='bbox 933 2754 1007 2786; x_wconf 86' lang='lat' dir='ltr'>esu,</span> <span class='ocrx_word' id='word_1_325' title='bbox 1031 2746 1109 2777; x_wconf 79' lang='lat' dir='ltr'>item</span> <span class='ocrx_word' id='word_1_326' title='bbox 1131 2741 1166 2777; x_wconf 91' lang='lat' dir='ltr'>h.</span> <span class='ocrx_word' id='word_1_327' title='bbox 1191 2741 1214 2776; x_wconf 86' lang='lat' dir='ltr'>i.</span> 
     </span>
    </p>

    <p class='ocr_par' dir='ltr' id='par_1_15' title="bbox 381 2801 834 2846">
     <span class='ocr_line' id='line_1_41' title="bbox 381 2801 834 2846; baseline 0 -11"><span class='ocrx_word' id='word_1_328' title='bbox 381 2805 401 2835; x_wconf 87' lang='lat'>8</span> <span class='ocrx_word' id='word_1_329' title='bbox 424 2801 560 2846; x_wconf 87' lang='lat' dir='ltr'>Incipit</span> <span class='ocrx_word' id='word_1_330' title='bbox 583 2801 672 2836; x_wconf 88' lang='lat' dir='ltr'>Cod.</span> <span class='ocrx_word' id='word_1_331' title='bbox 695 2813 731 2846; x_wconf 90' lang='lat' dir='ltr'>p.</span> <span class='ocrx_word' id='word_1_332' title='bbox 759 2803 834 2836; x_wconf 83' lang='lat'>387.</span> 
     </span>
    </p>

    <p class='ocr_par' dir='ltr' id='par_1_16' title="bbox 382 2852 1785 2904">
     <span class='ocr_line' id='line_1_42' title="bbox 382 2852 1785 2904; baseline -0.003 -13"><span class='ocrx_word' id='word_1_333' title='bbox 382 2862 402 2894; x_wconf 85' lang='lat'>9</span> <span class='ocrx_word' id='word_1_334' title='bbox 426 2857 542 2896; x_wconf 73' lang='lat' dir='ltr'>Periit</span> <span class='ocrx_word' id='word_1_335' title='bbox 554 2856 591 2893; x_wconf 85' lang='lat' dir='ltr'>in</span> <span class='ocrx_word' id='word_1_336' title='bbox 606 2855 846 2904; x_wconf 82' lang='lat' dir='ltr'>sequentibus</span> <span class='ocrx_word' id='word_1_337' title='bbox 858 2855 999 2893; x_wconf 84' lang='lat' dir='ltr'>lacunis</span> <span class='ocrx_word' id='word_1_338' title='bbox 1012 2854 1233 2892; x_wconf 86' lang='lat' dir='ltr'>laterculum</span> <span class='ocrx_word' id='word_1_339' title='bbox 1246 2865 1359 2891; x_wconf 85' lang='lat' dir='ltr'>unum</span> <span class='ocrx_word' id='word_1_340' title='bbox 1373 2865 1455 2889; x_wconf 87' lang='lat' dir='ltr'>cum</span> <span class='ocrx_word' id='word_1_341' title='bbox 1470 2852 1634 2888; x_wconf 89' lang='lat' dir='ltr'>dimidio.</span> <span class='ocrx_word' id='word_1_342' title='bbox 1661 2854 1785 2887; x_wconf 81' lang='lat' dir='ltr'>Maius.</span> 
     </span>
    </p>
   </div>
  </div>
 </body>
</html>
