1968 3158
702 177 970 214 EPISTULAE
997 176 1234 214 GRAECAE.
1500 222 1507 230 ι
1651 175 1736 218 249

197 296 333 342 αἰτίαν
364 294 496 339 αὐτὸς
527 295 802 350 ὑποβάλλων.
862 295 913 338 Οἱ
943 294 1019 346 μὲν
1049 293 1154 347 γάρ,
1189 293 1249 336 ὡς
1279 293 1328 336 ςὺ
1359 294 1460 349 φῄς,
1491 291 1628 335 ἄλλον
1660 290 1735 334 ἄλ-

197 368 279 410 λου
308 365 580 418 προτιθέαςιν
620 364 662 407 οἱ
691 364 798 407 κατὰ
829 363 1029 415 διαθήκας
1060 362 1351 415 χαριζόμενοι·
1398 362 1505 416 φημὶ
1535 362 1587 414 δὴ
1619 361 1736 414 παρὰ

195 434 367 480 τούτων
411 433 642 488 λαμβάνειν
681 434 922 486 προςήκειν.
985 431 1036 474 Οἱ
1074 432 1121 473 δ’
1152 430 1205 473 αὖ
1236 434 1418 483 ζῶντες,
1456 430 1516 473 ὡς
1555 430 1604 472 ςὺ
1635 432 1736 486 φῄς,

197 503 371 548 ἑαυτῶν,
397 502 499 545 τοὺς
529 502 707 557 φίλους,
741 500 806 544 οἷς
836 500 1096 554 χαρίζονται,
1129 502 1410 553 προτιμῶςιν·
1458 500 1516 542 δι’
1547 499 1654 542 αὐτὸ
1689 499 1736 541 δὲ

196 574 328 616 τοῦτο
359 572 465 626 φημὶ
503 573 592 614 δεῖν
623 571 676 613 τὰ
711 570 967 623 πεμπόμενα
995 570 1050 622 μὴ
1082 569 1338 622 προςίεςθαι.
1403 569 1517 621 Βαρὺ
1548 569 1631 620 γὰρ
1663 567 1736 611 ὄν-

179 654 283 685 ·τως
313 641 380 683 καὶ
410 639 701 693 ὑπεροπτικὸν
731 639 798 682 καὶ
828 638 1111 692 τυραννικόν,
1147 637 1207 680 ῶς
1238 637 1431 690 ἀληθῶς,
1463 637 1512 679 τὸ
1544 638 1738 690 δέχεςθαι

196 710 274 753 τὰς
303 709 504 752 τοιαύτας
535 708 824 762 προτιμήςεις,
865 708 911 750 ἐν
943 706 1010 750 αἷς
1050 707 1074 749 6
1113 711 1247 759 τιμῶν
1279 706 1430 758 ἕτερον
1461 706 1593 758 δῆλός
1624 707 1735 749 ἐςτιν

197 778 329 822 αὐτὸς
359 777 493 820 αὑτὸν
525 776 740 829 ἀτιμάζων
772 777 840 819 καὶ
871 776 918 820 ἑν
940 776 1128 830 δευτέρῳ
1149 775 1275 818 τιθεὶς
1294 777 1373 816 τοῦ
1395 775 1737 828 προτιμωμένου.

199 846 312 890 Οὐδὲ
347 846 431 899 γὰρ
468 845 606 889 ἵππον
638 845 846 899 ἀναβαίην
877 844 953 893 ἄν,
992 844 1076 898 ἀφ’
1108 843 1160 886 οὗ
1192 844 1378 897 καταβὰς
1409 843 1540 886 αὐτός
1578 857 1639 885 τις
1670 844 1739 886 καὶ

199 914 398 970 βαδίζων,
429 914 503 967 ἐμὲ
534 914 861 959 δὲ.ἱππάζεςθαι
892 913 1046 966 ἀξιοίη·
1078 913 1182 955 οὐδὲ
1209 913 1255 955 ἐν
1287 912 1454 966 θεάτρῳ
1486 907 1736 964 καθεζοίμην

198 983 293 1038 ἂνῑ,
327 982 463 1026 ἄλλου
502 997 572 1036 μοι
603 983 968 1038 ὑπανιςταμένου,
1011 982 1115 1024 οὐδὲ
1151 981 1318 1034 ἱμάτιον
1358 980 1557 1033 δεξαίμην
1597 981 1650 1023 ἂν
1689 981 1737 1023 ἐν

198 1054 411 1106 χειμῶνος
435 1051 551 1107 ὥρᾳς
582 1051 702 1095 εἴτις
723 1051 1024 1104 ἀποδυόμενος
1059 1049 1263 1107 Ιῖῥιγῴη3
1295 1050 1371 1101 μὲν
1403 1049 1557 1100 αὐτός,
1589 1049 1661 1101 ἐμὲ
1692 1049 1739 1091 δὲ

199 1120 469 1175 ἀμφιεννύοι.
532 1120 797 1174 Οἰκειότερος
833 1121 916 1173 γὰρ
955 1119 1087 1162 αὐτὸς
1125 1119 1301 1161 ἕκαςτος
1337 1118 1454 1175 αὑτῷ
1497 1118 1564 1161 καὶ
1594 1131 1740 1170 προτι·

199 1192 348 1243 μᾶςθαι
377 1189 488 1241 πρὸς
519 1189 652 1232 αὑτοῦ
683 1189 957 1242 δικαιότερος’.

313 1259 405 1314 Φῂς
435 1259 482 1300 δὲ
511 1258 627 1303 ξένια
656 1259 710 1310 μὴ
743 1258 979 1310 πέμπεςθαι
1009 1259 1134 1302 θεοῖς.
1177 1257 1233 1299 Ἢ
1258 1256 1356 1309 οὐχὶ
1385 1256 1502 1299 ξένια
1530 1254 1609 1298 τὰ4
1641 1268 1741 1307 ψαι-

201 1327 293 1380 (τὰ,
323 1327 504 1370 πόπανα
533 1326 602 1369 καὶ
630 1326 707 1369 τὸ5
737 1327 831 1379 μέλι
869 1327 938 1369 καὶ
976 1326 1001 1369 6
1044 1325 1167 1369 οἶνος
1207 1327 1242 1382 ᾧ
1274 1325 1536 1377 ςπένδομεν;
1575 1323 1635 1366 ὡς
1674 1324 1742 1366 καὶ

198 1397 250 1440 τὸ
279 1395 393 1447 γάλα
421 1396 488 1438 καὶ
518 1396 572 1438 τὰ
603 1395 826 1448 ςπλάγχνα
854 1395 907 1438 τὰ
927 1397 1016 1438 τῶν
1047 1395 1237 1448 ἱερείων·
1269 1394 1336 1436 καὶ
1366 1393 1391 1436 6
1423 1393 1663 1447 λιβανωτὸς
1694 1393 1742 1435 δὲ

200 1466 344 1510 ξένιον
372 1467 488 1507 θεοῦ.
720 1459 724 1461 ’

314 1533 460 1577 Ταῦτα
496 1533 572 1585 μὲν
610 1532 721 1585 πρὸς
758 1532 812 1575 τὰ
847 1531 935 1574 ὑπὸ
974 1534 1051 1574 ςοῦ
1099 1535 1249 1586 ςοφῶς
1287 1531 1354 1573 καὶ
1391 1532 1588 1573 πιθανῶς
1626 1529 1742 1573 πάνυ

201 1602 416 1655 δημοςίων
455 1616 501 1644 τε
540 1602 607 1644 καὶ
644 1601 771 1644 θείων
810 1601 878 1643 καὶ
915 1602 1129 1652 διαθηκῶν
1161 1600 1257 1652 πέρι
1287 1599 1590 1652 προτεθέντων
1622 1599 1742 1641 ἐνθυ-

201 1672 378 1724 μήματα.
439 1671 502 1713 Τὰ
531 1671 579 1712 δὲ
609 1670 721 1722 παρ’
752 1669 857 1721 ἐμοῦ
887 1671 1021 1711 ταῦτα
1051 1668 1229 1721 εἰρήςθω
1261 1668 1330 1710 διὰ
1352 1667 1591 1721 βραχέωνθ.
1632 1668 1742 1709 Ὅςα

201 1739 332 1783 αἰτεῖν
365 1735 538 1783 ἀναιδὲς
570 1739 637 1780 καὶ
668 1738 921 1791 φιλοκερδὲς
953 1737 1020 1778 καὶ
1041 1735 1361 1788 πλεονεκτικόν,
1391 1738 1526 1778 ταῦτα
1546 1736 1613 1778 καὶ
1633 1736 1742 1788 παρ’

202 1808 379 1852 ἑκόντος
410 1807 639 1860 λαμβάνειν
671 1806 832 1859 ὁμοίως
863 1806 1069 1850 ἀναιδοῡς
1103 1804 1223 1848 τινὸς
1252 1805 1320 1847 καὶ
1350 1805 1636 1858 φιλοκερδοῦς
1667 1803 1741 1847 ἀν-

202 1877 307 1929 δρὸς
337 1877 403 1919 καὶ
434 1875 719 1919 πλεονέκτου·
751 1874 881 1917 αἰτεῖν
911 1874 958 1916 δέ
978 1888 1027 1924 γε
1057 1874 1110 1916 τὰ
1140 1873 1304 1926 μεγάλα
1334 1873 1519 1923 ἀναιδές,
1550 1873 1664 1916 πολὺ
1695 1874 1743 1915 δὲ

203 1945 366 1998 μᾶλλόν
396 1959 446 1996 γε
477 1945 719 1998 λαμβάνειν.
782 1944 856 1986 Καὶ
894 1943 1024 1986 οὐδὲν
1065 1943 1286 1995 διήνεγκεν
1325 1941 1360 1984 εἰ
1397 1942 1506 1994 παρ’
1537 1940 1742 1984 ἑκόντος7

204 2013 414 2068 λαμβάνοι
457 2027 520 2056 τις
551 2045 745 2055 .......
756 2012 772 2038 ⁵3
817 2011 844 2054 ἃ
889 2012 992 2054 τοὺς
1037 2012 1114 2064 μὲν
1161 2010 1413 2063 πέμποντας
1457 2011 1743 2063 πενεςτέρους

319 2141 336 2174 1
364 2138 499 2174 Omisit
521 2137 652 2182 Maius,
679 2136 745 2173 sed
769 2147 844 2171 non
868 2135 1004 2172 desunt
1026 2135 1067 2170 in
1091 2134 1227 2171 Codice
1251 2134 1423 2180 vestigia..

319 2199 340 2230 2
364 2194 501 2241 Incipih
525 2194 615 2230 God.
640 2206 676 2240 p.
705 2197 780 2230 143.

317 2257 338 2288 3
362 2252 482 2287 Maius
505 2251 600 2298 legit
622 2263 769 2297 ριπωη,
796 2250 936 2286 amicus
959 2261 1118 2296 ρςιπωη.
1154 2249 1324 2286 Correxit
1347 2248 1546 2284 Iacobsius.

318 2313 340 2344 4
365 2309 446 2344 Om.
471 2308 605 2344 Maius.

320 2369 340 2401 5
364 2365 568 2414 Perperam
591 2364 711 2400 Maius
734 2377 789 2401 τε.
832 2363 1003 2400 Correxit
1027 2364 1227 2400 Iacobsius.
1276 2363 1530 2400 Memorabih‘s
1556 2362 1613 2397 est
1638 2361 1743 2397 Codi-

206 2422 258 2458 cis
282 2422 394 2458 lectio
418 2423 440 2457 6
465 2423 729 2465 ςπενδόμενος.
1034 2462 1038 2467 ,

322 2484 343 2515 6
369 2477 458 2514 Cod.
486 2479 714 2521 ΒΕΑΧΕΩΝ,
738 2477 909 2513 immixiza
931 2477 1060 2513 litssera
1082 2477 1211 2513 latina.

323 2539 341 2571 7
368 2534 509 2570 Codex:
539 2536 785 2579 παρέχοντος,
811 2534 911 2579 quod
934 2534 1062 2569 ssuetur
1085 2533 1284 2569 Iacobsius.

321 2597 341 2627 8
364 2590 485 2627 Maius
507 2591 547 2626 in
570 2592 746 2627 lacunoso
771 2591 853 2627 loco
877 2602 1012 2636 parum
1035 2591 1225 2626 accurate:
1264 2591 1451 2634 λαμβάνοι
1470 2601 1525 2626 τις
1551 2592 1574 2634 ἢ
1600 2590 1677 2625 ἀπὸ
1702 2618 1709 2624 .
1734 2618 1742 2625 .

208 2678 216 2685 .
245 2678 252 2685 .
279 2649 399 2685 αἰτεῖν
424 2649 512 2684 οὐδὲ
537 2649 740 2692 λαμβάνειν
767 2676 774 2683 .
803 2676 810 2682 .
836 2648 934 2683 αὐτὰ
958 2649 1062 2692 δῶρα
1086 2649 1156 2692 χρὴ
1176 2676 1183 2682 .
1213 2675 1220 2682 .
1246 2648 1388 2683 αὐτοὺς
1414 2648 1480 2691 μὲν
1506 2649 1740 2692 πέμποντας,

208 2707 277 2742 cet.
326 2705 386 2740 Du
409 2705 504 2741 Rieu
529 2704 741 2750 descripsit:
1162 2723 1165 2725 Δ

688 2798 695 2832 Ι
723 2795 856 2831 ,ΧΑΦΙ
883 2822 1163 2831 .........

483 2881 705 2890 .......
732 2853 1162 2888 ΥΤΑΙ.........

483 2911 513 2945 Τ
540 2938 547 2944 .
575 2938 581 2944 .
609 2909 959 2947 ΚΕΝΙΩΑΙΤΕΙΝΑΛ
986 2937 1173 2946 ......
