1968 3158
243 142 322 184 166
522 141 569 175 M.
591 140 818 176 CORNELII
842 140 1120 177 FRONTONIS
1143 142 1486 182 EPISTULARUM

241 266 351 313 egoa
383 271 479 298 eum
510 255 582 310 qui
612 256 655 296 te
686 269 775 297 non
807 255 989 311 amabit,
1029 256 1165 305 hostis
1201 272 1381 300 numero
1410 259 1596 303 habebo:
1647 276 1773 317 quem

240 339 338 367 vero
369 327 416 365 tu
447 323 588 364 minus
620 323 797 378 amabis,
829 323 1033 366 miserum
1060 325 1203 380 potius
1225 341 1353 381 quam
1373 326 1540 370 hostem
1558 329 1771 372 iudicabo.

241 394 304 434 De
339 424 569 433 ......
584 390 595 416 ¹
639 390 905 433 Permultum
940 392 1074 434 refert
1102 393 1304 448 inprobes
1336 394 1520 450 aliquem
1551 411 1607 438 an
1637 398 1774 439 oderis

289 494 296 502 .
332 460 408 502 ciis
439 461 481 501 et
513 459 702 501 consiliis
733 459 971 515 indigebat.
1034 461 1175 516 Atque
1206 462 1375 504 utinam
1403 463 1554 520 Niger,
1588 465 1699 507 sicut
1728 465 1775 507 in

239 528 453 584 plerisque
483 527 589 569 mihi
621 529 718 583 post
753 528 911 583 paruit,
943 529 1006 570 ita
1038 529 1263 572 consilium
1292 544 1419 573 meum
1450 537 1490 573 in
1520 534 1775 576 testamento

241 601 490 647 conficiendo
534 596 753 652 rogasset!
814 596 942 638 Haud
987 613 1192 654 umquam
1235 600 1405 641 tantam
1441 601 1654 643 maculam
1690 617 1775 643 me-

241 666 400 707 moriae
442 679 544 706 suae
580 664 808 706 inussisset
844 665 987 707 verbis
1025 666 1317 709 immoderatis
1362 669 1503 723 ipsum
1547 684 1591 711 se
1631 669 1774 725 potius

241 749 369 789 quam
401 733 506 774 alios
536 733 851 775 laedentibus
820 733 836 757 ¹*
913 732 1006 775 Nec
1028 733 1107 775 ²..
1140 735 1417 778 intervallum
1445 737 1774 793 intercessisset,

241 816 324 857 quo
358 833 548 843 .....
560 800 577 826 3
618 834 626 842 .
671 834 679 842 .
779 834 1774 848 .......................

245 903 478 912 ......
494 869 525 925 {⁴
547 869 687 911 virum
707 834 781 911 illo
811 869 904 925 ipso
933 871 1127 925 tempore
1157 886 1241 926 quo
1262 872 1460 915 offendit·
1491 874 1565 915 sed
1594 874 1777 916 amando

242 939 304 979 ita
334 937 537 992 offendit,
570 938 618 979 ut
647 937 850 993 pleraque
881 937 1107 993 animalia,
1141 940 1293 994 quibus
1331 941 1452 983 abest
1483 956 1552 984 ars
1583 944 1626 984 et
1658 942 1777 984 sedu-

242 1006 342 1047 litas
373 971 595 1060 educaiidi,
629 1020 709 1047 ova
740 1007 868 1061 atque
900 1006 1063 1049 catulos
1094 1022 1190 1050 suos
1221 1009 1439 1064 unguibus
1472 1014 1547 1052 aut
1578 1010 1778 1053 dentibus

243 1074 354 1116 male
386 1076 673 1129 contrectant,
705 1089 787 1116 nec
817 1074 912 1117 odio
934 1076 1007 1117 sed
1027 1076 1247 1131 imperitia
1266 1065 1514 1120 nutricandi
1533 1080 1775 1133 opteruntss.

358 1143 454 1198 Ego
487 1144 600 1184 certe
632 1143 732 1185 deos
764 1157 939 1197 superos
969 1143 1215 1199 inferosque
1240 1147 1283 1187 et
1311 1145 1439 1202 fidem
1470 1161 1673 1188 arcanam
1701 1147 1778 1188 hu-

244 1200 397 1253 manae
430 1210 644 1253 amicitiae
676 1213 831 1266 testor,
863 1226 931 1253 me
963 1227 1131 1268 semper
1161 1215 1379 1255 auctorem
1408 1214 1555 1269 fuisse,
1589 1214 1708 1257 cuius
1732 1248 1740 1256 .
1768 1249 1775 1256 .

247 1313 255 1321 .
291 1279 383 1320 51116
417 1312 424 1320 .
462 1312 470 1320 .
505 1279 647 1321 animo
681 1312 691 1321 .
727 1313 735 1321 .
768 1281 950 1335 utraque
982 1295 1131 1323 causas
1165 1314 1173 1323 .
1210 1315 1217 1322 .
1255 1315 1262 1323 .
1305 1283 1348 1324 et
1378 1297 1480 1324 sane
1515 1316 1523 1324 .
1559 1316 1567 1324 .
1605 1282 1778 1324 .homi-

244 1363 344 1389 nem
377 1381 385 1388 .
422 1381 430 1388 .
473 1362 569 1389 eum
606 1347 807 1389 incidisse
845 1348 983 1403 magis
1023 1349 1191 1404 doleas,
1232 1349 1305 1391 sed
1342 1349 1525 1392 fideliter
1563 1366 1690 1406 quem
1723 1385 1731 1393 .
1768 1385 1775 1392 .

244 1416 290 1457 in
322 1416 468 1457 eodem
501 1413 660 1472 [agere]
694 1415 823 1470 velle,
856 1415 902 1457 in
933 1431 1016 1471 quo
1050 1450 1057 1458 .
1095 1417 1132 1459 ‚⁶
1163 1419 1206 1460 et
1236 1433 1339 1460 sanc
1373 1451 1380 1460 .
1418 1452 1426 1460 .
1460 1420 1676 1474 expectari
1706 1435 1779 1474 po-

245 1484 380 1538 terat,
413 1483 458 1524 in
490 1498 539 1524 eo
570 1498 695 1539 quem
730 1482 878 1541 [corre]
890 1486 1027 1526 xerat.
1088 1484 1181 1527 Nec
1214 1519 1222 1527 .
1260 1519 1268 1527 .
1302 1488 1427 1528 tanta
1456 1487 1706 1542 benignitas
1737 1490 1780 1529 et

244 1553 310 1593 tot
347 1551 557 1592 beneficia
591 1585 598 1593 .
636 1585 644 1593 .
684 1552 741 1593 tri
780 1552 860 1593 tibi
892 1554 1033 1595 autem
1064 1567 1152 1595 non
1186 1587 1195 1595 .
1230 1588 1237 1596 .
1272 1555 1465 1609 equidem
1513 1588 1521 1596 .
1558 1588 1566 1596 .
1601 1570 1780 1611 cumque

245 1619 403 1661 habeat
433 1634 558 1661 suum
587 1620 732 1662 finem.
793 1620 879 1662 Res
911 1622 1055 1663 autem
1085 1621 1211 1676 istas,
1252 1637 1356 1678 quas
1391 1637 1472 1665 nec
1505 1623 1677 1681 [tacere]
1709 1638 1779 1666 vo-

244 1687 420 1741 luimus,
465 1702 545 1729 nec
577 1686 768 1746 [negare]
804 1689 1035 1743 credimus,
1076 1691 1138 1744 et,
1180 1690 1215 1732 si
1246 1690 1302 1732 dii
1335 1691 1459 1746 aequi
1490 1693 1612 1746 sunt,
1657 1705 1779 1734 veras

247 1758 290 1797 et
328 1758 614 1810 congruentes
661 1756 929 1812 simplicitati
974 1759 1147 1800 nostrae
1187 1758 1402 1801 amicitiae
1448 1774 1616 1815 semper
1662 1760 1779 1802 adse-

245 1838 438 1909 quamur.

361 1948 383 1971 a
408 1939 452 1971 In
476 1941 643 1982 margine:
669 1937 931 1983 Panegyricus.

360 1994 384 2028 b
411 1996 456 2028 In
472 1998 639 2038 margine:
670 1995 780 2029 Haud
798 2007 975 2039 umquam
994 2016 1034 2021 -—
1055 2007 1143 2031 suae
1166 1995 1339 2031 inusisset
1355 2017 1398 2021 —-
1416 1997 1508 2032 alios
1531 1997 1778 2043 laudentibus.

363 2061 382 2084 c
406 2053 450 2084 In
480 2054 646 2095 margine:
671 2051 842 2086 Amando
874 2051 1030 2087 offendit
1069 2073 1111 2077 ——
1144 2053 1253 2088 abest
1283 2065 1343 2088 ars
1374 2054 1412 2088 et
1441 2054 1555 2090 sedul.
1588 2054 1781 2100 educandi,

249 2117 319 2141 ova
345 2106 466 2151 adque
493 2118 521 2142 c.
549 2119 574 2142 s.
603 2107 763 2152 ungibus
788 2119 820 2143 a.
849 2108 883 2143 d.
909 2120 957 2143 m.
985 2119 1015 2143 c.
1041 2121 1075 2144 n.
1105 2120 1136 2144 ο.
1164 2121 1191 2144 s.
1217 2109 1393 2156 inperitia
1416 2123 1450 2146 n.
1479 2111 1664 2147 obterunt.

364 2236 380 2266 1
406 2232 557 2267 Lacuna
580 2243 752 2267 versuum
775 2232 906 2276 XVIII,
932 2233 1088 2278 excepta
1111 2234 1238 2269 tamen
1262 2235 1439 2279 sequente
1464 2236 1658 2280 sententia,
1684 2248 1779 2282 quae

247 2289 286 2324 in
310 2288 480 2334 margine
504 2288 652 2334 legitur.
696 2292 822 2324 Maias.
870 2289 975 2324 Idem
999 2289 1145 2336 scripsit
1169 2295 1301 2336 aliquid
1322 2302 1391 2336 pro
1416 2296 1568 2338 aliquem.

362 2350 381 2380 2
408 2345 547 2390 supple
571 2345 648 2381 fere
674 2357 787 2380 unum
811 2356 968 2381 versum.
1018 2349 1144 2382 Maius.

363 2407 383 2437 3
407 2402 557 2437 Lacuna
581 2413 752 2437 versuum
776 2402 827 2437 IX
852 2414 935 2438 cum
960 2402 1124 2440 dimidio.
1174 2406 1301 2439 Maius.

361 2462 383 2493 4
407 2458 540 2503 Incipit
565 2457 653 2493 Cod.
685 2470 721 2503 p.
748 2462 825 2494 346.

363 2518 383 2550 5
407 2515 449 2549 111
481 2514 722 2559 sequentibus
757 2515 898 2551 lacunis
922 2527 1037 2561 usque
1068 2517 1116 2552 ad
1147 2517 1327 2563 epistulae
1358 2518 1559 2554 clausulam
1589 2519 1781 2564 perierunt

251 2583 377 2607 versus
405 2582 524 2617 prope
554 2571 628 2606 XL.
678 2575 804 2608 Maius.
853 2573 941 2608 Mox
971 2572 1139 2619 sequitur
1169 2573 1310 2620 pagina
1335 2579 1419 2619 345,
1451 2575 1518 2610 sed
1546 2576 1779 2621 negleximus

251 2628 433 2663 adnotare
458 2639 480 2663 a
506 2628 639 2672 quibus
663 2628 788 2664 verbis
811 2629 978 2675 incipiat.

364 2688 384 2719 6
409 2685 467 2720 Ita
497 2685 680 2720 editiones
708 2685 856 2721 Mediol.
885 2688 922 2721 et
953 2686 1049 2722 Rom
1110 2686 1183 2723 Sed
1209 2688 1252 2722 in
1282 2688 1365 2724 add.
1392 2688 1459 2724 Ed.
1485 2688 1649 2733 Mediol„
1681 2690 1780 2734 quod

249 2741 389 2776 Maium
422 2742 556 2786 postea
591 2741 728 2787 fugisse
764 2742 928 2778 videtur:
981 2756 1085 2789 agere
1116 2748 1214 2786 velle,
1255 2749 1289 2780 in
1320 2758 1385 2790 quo
1412 2774 1418 2779 .
1448 2767 1462 2780 .»
1483 2773 1490 2780 .
1521 2750 1630 2781 animo
1663 2774 1670 2781 .
1699 2774 1706 2781 .

251 2805 392 2843 utraque
416 2811 563 2834 causas.
592 2827 598 2834 .
628 2828 634 2834 .
664 2827 670 2833 .
691 2806 724 2834 et
746 2812 830 2834 sane
850 2828 856 2834 .
878 2828 884 2834 .
913 2828 919 2834 .
947 2804 1131 2845 expectari
1151 2808 1302 2846 poterat,
1328 2806 1363 2837 in
1387 2815 1426 2838 eo
1451 2815 1547 2848 quem
1570 2804 1780 2847 (revexerat,

251 2857 324 2889 Nec
348 2856 511 2899 moverat)
537 2862 634 2891 tanta
657 2859 846 2901 benignitas
871 2857 940 2891 cet.
