1968 3158
525 174 590 210 AD
619 175 667 211 M.
693 175 988 212 ANTONINUM
1012 175 1075 211 DE
1100 174 1422 218 ELOQUENTIA.
1666 174 1744 216 147

204 290 348 346 fingit,
380 290 618 332 orationem
650 305 770 332 suam
801 290 875 333 alii
906 290 1175 333 accomodat:
1205 292 1341 333 ταῦτα
1371 290 1415 332 δ’
1446 289 1556 332 ἐετὶν
1588 288 1745 340 αὔξειν,

204 359 514 410 διαεκευάζειν,
544 360 861 415 ἐξεργάζεεθαι,
892 360 1022 403 πάλιν
1055 360 1216 411 λέγειν,
1254 358 1569 413 ἐπαναφέρειν,
1610 357 1747 410 παρά-

205 441 344 478 πτειν,
377 429 770 480 προεωποποιεῑνΙ.

320 495 509 539 Videsne
553 497 608 539 ab
646 512 695 539 eo
741 510 879 552 paene
919 497 1064 538 omnia
1108 498 1326 538 oratorum
1372 510 1492 538 arma
1536 495 1748 538 tractari?

206 563 347 621 Igitur
385 565 420 607 si
460 565 553 620 ipse
594 565 861 620 Chrysippus
899 564 966 606 his
1004 565 1213 606 utendum
1244 579 1336 606 esse
1366 564 1604 619 ostendit²‚
1645 563 1747 619 quid

206 647 287 689 ego
317 633 502 689 amplius
533 633 703 689 postulo
713 666 724 687 ,
770 632 854 674 nisi
894 634 943 674 ut
980 647 1035 674 ne
1071 633 1239 675 verbis3
1279 633 1625 687 dialecticorum,
1673 631 1747 674 sed

205 701 348 757 potius
387 701 582 743 Platonis
622 735 631 744 .
676 734 684 743 .
719 694 729 743 ⁸.
764 734 1744 744 .......................

208 803 441 812 ......
474 771 489 796 ‘¹
512 803 521 812 .
556 803 565 812 .
602 803 610 811 .
654 768 808 811 Gladio
839 769 1151 825 dimicandum3
1183 769 1255 811 sed
1286 769 1470 812 interest
1499 769 1748 828 robiginoso

206 853 263 880 an
293 837 519 893 splendido
553 870 878 880 ........
913 852 1009 879 cum
1041 838 1124 879 bon
1159 871 1167 879 .
1203 871 1212 879 .
1249 871 1257 879 .
1319 838 1568 893 Epictetum
1601 871 1610 879 .
1646 871 1654 879 .
1691 871 1700 879 .

205 906 426 948 sedentem
459 939 468 948 .
505 940 514 948 .
550 939 558 948 .
591 906 634 947 la
664 905 896 961 placebat.
924 939 932 947 .
957 906 993 947 si
1025 920 1153 947 ausus
1184 908 1310 961 esset,
1344 906 1638 962 epitaphium-'2
1663 939 1671 947 .
1701 938 1710 948 .

206 977 282 1016 aut
311 977 380 1027 sat
413 1008 421 1016 .
458 1008 467 1016 .
500 989 624 1016 suum
657 1007 1208 1016 .............
1247 974 1367 1016 illam
1397 974 1468 1016 lau
1502 1008 1511 1016 .
1547 1008 1556 1016 .
1593 1008 1601 1016 .
1637 1007 1647 1017 .
1679 989 1749 1015 ma

206 1028 456 1097 pertulisset
489 1075 814 1085 ........
829 1043 846 1068 ⁰
877 1076 1204 1085 ........
1237 1043 1303 1085 ira
1343 1076 1669 1084 ........
1703 1057 1751 1083 sa

300 1145 310 1153 .
343 1112 422 1153 sub
452 1111 605 1152 umbra
639 1144 647 1153 .
684 1144 692 1152 .
729 1144 738 1152 .
770 1110 876 1152 m'kil
906 1125 1098 1167 unquam
1130 1144 1139 1152 .
1176 1144 1185 1152 .
1218 1111 1362 1153 ln'onis
1387 1144 1396 1152 .
1424 1144 1433 1152 .
1465 1112 1532 1152 tot
1562 1113 1605 1153 et
1636 1126 1680 1153 es
1705 1145 1747 1153 ..

206 1178 251 1221 Si
281 1194 332 1220 us
359 1212 368 1221 .
395 1212 403 1221 .
428 1193 538 1235 egge
572 1213 581 1220 .
617 1212 626 1220 .
659 1179 950 1235 Anaxagorae
980 1193 1068 1221 non
1100 1179 1276 1221 Alexini
1307 1178 1602 1234 sycophantae
1634 1180 1750 1221 audi-

205 1247 299 1289 tor⁷
333 1281 342 1289 .
378 1281 387 1289 .
422 1262 629 1290 conamen
673 1281 681 1290 .
729 1282 737 1290 .
783 1281 791 1289 .
837 1281 1747 1290 ......................

208 1349 443 1358 ......
459 1316 492 1372 13
525 1349 534 1357 .
570 1349 579 1358 .
615 1349 623 1358 .
685 1316 897 1372 Tragicus
930 1316 1124 1372 Aesopus
1169 1315 1309 1357 fertur
1348 1330 1437 1357 non
1468 1316 1587 1371 prius
1618 1315 1750 1357 ullam

205 1399 282 1426 suo
312 1384 503 1426 induisse
534 1384 666 1440 capiti
703 1399 955 1440 personam,
990 1387 1222 1441 antequam
1254 1385 1327 1426 diu
1358 1399 1410 1426 ex
1441 1384 1619 1426 adverso
1651 1399 1749 1426 con-

206 1452 491 1508 templaretur
521 1467 598 1507 pro
628 1462 837 1508 personae
868 1453 990 1495 vultu
1021 1454 1205 1509 gestum‘
1224 1452 1306 1494 sibi
1345 1467 1568 1507 capessere
1599 1467 1649 1495 ae
1679 1467 1749 1494 vo-

207 1535 299 1563 cem
333 1554 567 1563 ......
601 1521 833 1563 stillicidiis
861 1555 869 1564 .
906 1555 915 1564 .
951 1555 960 1564 .
997 1522 1034 1563 ,⁰
1094 1522 1167 1563 An
1197 1521 1403 1563 maiorem
1417 1521 1448 1546 ¹⁰
1479 1521 1750 1576 tragoediam

206 1591 333 1644 putas
354 1589 710 1644 Amphiaraum¹¹
736 1590 936 1644 scribere,
970 1604 1099 1645 quam
1130 1590 1181 1631 de
1211 1592 1425 1632 terrarum
1456 1588 1577 1630 hiatu
1608 1589 1749 1631 dicere

255 1691 264 1699 .
300 1657 425 1699 ‚¹²tu
456 1657 508 1699 de
538 1657 719 1699 fulmine
750 1658 945 1713 disputas
980 1691 988 1700 .
1025 1692 1034 1700 .
1068 1658 1169 1700 bere
1199 1673 1329 1714 quam
1354 1691 1363 1699 .
1399 1691 1408 1699 .
1442 1657 1612 1712 quando
1647 1691 1655 1699 .
1692 1692 1700 1700 .
1738 1692 1746 1699 .

322 1764 339 1794 l
366 1759 454 1794 Cod.
482 1763 749 1804 προεωποιάν.
799 1760 983 1796 Petuntur
1019 1760 1111 1795 haec
1142 1771 1161 1794 e
1193 1759 1393 1806 Chrysippi
1430 1761 1511 1795 arte
1547 1760 1746 1803 rhetorica,

206 1827 319 1861 quam
342 1818 528 1852 memorat
557 1817 739 1852 Laertius.
778 1820 902 1854 Maius.
951 1817 1003 1852 Of.
1038 1817 1195 1862 Baguet.
1229 1816 1435 1852 Comment.
1468 1817 1514 1851 de
1540 1816 1748 1862 Chrysippo

204 1885 240 1918 p.
267 1877 345 1908 254.
395 1872 569 1908 Ceterum
594 1875 808 1918 παράπτειν
834 1884 879 1908 ex
903 1873 1002 1908 Edit.
1029 1873 1135 1909 Rom.
1164 1874 1236 1916 est3
1266 1873 1303 1908 in
1328 1873 1427 1908 Edit.
1453 1873 1601 1921 Mediol.
1629 1873 1748 1908 Maius

206 1929 411 1975 scripserat
440 1934 640 1974 παρειπεῖν
675 1942 744 1975 pro
776 1941 821 1965 eo
853 1930 953 1975 quod
978 1930 1016 1965 in
1042 1930 1177 1966 Codice
1201 1931 1349 1975 legerat
1378 1934 1593 1974 παραιπεῖν.
1643 1930 1749 1965 Butt-

205 1998 362 2021 mannus
394 1986 560 2022 malebat
591 1991 798 2031 παραινεῖν.
850 1987 1000 2022 Amicus
1030 1987 1164 2032 legisse
1194 1986 1342 2022 videtur
1372 1987 1604 2032 παράπτειν·
1647 1988 1748 2049 certe

204 2043 297 2078 nihil
321 2043 641 2081 adnotavit..

294 2103 339 2135 2
365 2100 454 2135 Cod.
479 2113 535 2146 pr.
562 2113 609 2136 m.
637 2105 834 2138 ostendiset.

319 2162 340 2193 3
365 2157 606 2193 Niebuhrius:
637 2162 797 2203 verubus,
824 2159 905 2195 coll.
931 2158 1035 2204 Virg.
1062 2158 1153 2194 Aen.
1181 2157 1261 2194 VII.
1287 2162 1364 2194 665.

317 2218 339 2249 4
363 2213 540 2259 Sequitur
552 2213 640 2250 Cod.
655 2227 693 2260 p.
707 2219 789 2257 391,
817 2227 912 2261 quae
925 2216 1008 2251 tota
1021 2215 1149 2261 periit,
1165 2217 1318 2262 praeter
1335 2227 1381 2251 ea
1401 2227 1496 2261 quae
1516 2215 1691 2262 leguntur
1709 2217 1745 2252 in

204 2272 385 2317 margine.
419 2271 462 2306 In
478 2272 584 2306 textu
600 2271 661 2307 vix
679 2283 809 2308 cernas
832 2272 941 2308 haec:
970 2276 1092 2309 Gladio
1109 2276 1343 2309 dimicandum
1369 2286 1443 2308 esse
1460 2281 1581 2309 contra
1592 2301 1675 2308 .....
1694 2288 1745 2309 re.

319 2333 340 2363 5
364 2329 406 2363 In
428 2328 500 2364 hoc
523 2328 736 2374 fragmento
763 2329 948 2374 quaedam
973 2331 1059 2364 sunt
1083 2341 1179 2375 quae
1202 2329 1343 2365 amicus
1366 2342 1439 2365 non
1464 2330 1588 2375 potuit
1617 2331 1747 2375 digno-

205 2396 318 2429 scere,
344 2385 410 2420 scd
434 2385 598 2430 expressi
622 2385 695 2420 fide
719 2385 820 2421 Maii.

319 2446 339 2476 6
363 2442 407 2476 In
430 2442 600 2487 margine
625 2442 779 2478 alterius
805 2443 1011 2479 columnae.

319 2502 339 2534 7
364 2498 534 2534 Pericles.
577 2500 621 2534 cf.
649 2498 722 2534 Cic.
749 2499 796 2534 (16
821 2500 924 2535 Orat.
950 2500 1013 2535 III.
1041 2504 1095 2536 34.
1146 2503 1274 2538 Maius.
1322 2501 1428 2536 Adde
1454 2501 1555 2536 Orat
1579 2505 1612 2545 4⁷
1639 2504 1690 2536 15.

319 2559 340 2590 8
365 2555 540 2600 Sequitur
558 2555 646 2591 eod.
672 2568 708 2601 p.
729 2560 811 2599 390,
837 2567 933 2601 quae
958 2556 1089 2592 itidem
1112 2557 1226 2602 periit
1250 2559 1401 2602 praeter
1426 2558 1606 2602 quasdam
1632 2558 1746 2593 adno-

204 2612 366 2648 tationes
390 2612 429 2646 in
452 2613 633 2657 margine.
988 2636 995 2641 .

319 2674 340 2704 9
364 2669 407 2704 In
432 2669 554 2704 altera
578 2669 761 2705 columna.

298 2730 340 2761 10
364 2725 607 2762 Niebuhrius:
632 2731 791 2762 maiorem
815 2740 895 2762 rem.

297 2786 338 2818 11
365 2782 508 2818 Codex:
535 2786 769 2829 Amphiarum.

298 2844 339 2875 12
363 2840 422 2875 Du
446 2840 540 2875 Rieu
564 2839 616 2875 nil
640 2839 734 2876 vidit
757 2842 910 2887 praeter
934 2840 1042 2877 haec:
1072 2871 1077 2876 .
1108 2871 1113 2877 .
1143 2871 1149 2877 .
1177 2857 1210 2888 q.
1237 2856 1279 2878 ao
1306 2870 1494 2881 ......
1521 2848 1654 2880 Iiocaea
1675 2875 1680 2881 .
1701 2850 1743 2881 ‹Ie

200 2899 341 2941 fulmine
366 2901 390 2932 d
403 2928 410 2934 .
431 2925 438 2933 .
455 2905 587 2943 spatas.

1388 2959 1469 3002 10ss
