1968 3158
493 176 557 216 AD
582 176 629 217 Μ.
651 176 907 219 CAESAREM
933 176 995 217 ET
1023 176 1221 218 1NV1CEM
1251 177 1393 218 [ABER
1419 178 1461 213 11.
1689 181 1742 226 27

203 297 250 338 tu
280 296 451 352 quidem
490 297 583 339 11131
624 298 790 354 magis²
829 297 993 340 amabis
1031 312 1161 354 quam
1199 297 1309 339 ullus
1348 297 1571 340 hominum
1611 298 1743 340 ullum

202 364 421 408 hominem
460 368 598 421 aniat3
647 381 726 422 ego
764 381 864 408 vero
902 368 967 420 te,
1014 366 1087 421 qui
1124 366 1336 408 minorem
1367 366 1452 408 vim
1482 367 1528 408 in
1560 362 1743 409 3111311110

203 433 437 489 3possideO,
470 435 610 490 magis
642 435 794 476 amabo
825 449 954 491 quam
984 434 1096 476 ullus
1127 434 1350 476 hominum
1370 437 1414 477 te
1436 437 1572 478 amat:
1603 435 1743 492 magis

201 501 385 558 denique
416 517 544 558 quam
580 505 629 546 tu
666 505 800 545 temet
838 503 980 558 ipsum
1011 517 1141 544 amas.
1203 503 1296 545 Iam
1325 503 1431 545 mihi
1464 518 1559 546 cum
1592 503 1744 547 Gratia

201 572 421 613 certamen
459 571 562 625 erit,
602 586 731 627 quam
768 570 899 613 timeo
939 573 988 612 ut
1017 585 1220 625 superare
1250 572 1423 626 possim.
1485 572 1599 614 Nam
1630 572 1743 614 illius

200 639 393 695 quidem,
426 641 475 681 ut
505 638 710 681 Plautus⁴
742 639 823 694 ait,
857 638 1013 681 amoris
1043 638 1181 680 imber
1211 640 1448 695 grandibus
1487 641 1624 696 guttis
1654 656 1743 683 non

200 709 363 750 vestem
393 707 518 749 modo
548 706 841 762 permanavit,
875 707 950 749 sed
979 707 1026 748 in
1056 701 1289 749 medullam
1319 708 1433 750 ultro
1463 708 1601 751 fluit.a

314 775 428 825 Quas
457 777 507 817 tu
535 775 703 817 litteras
741 777 785 817 te
825 775 878 818 ad
915 789 983 818 me
1023 775 1241 817 existimas
1277 776 1519 819 scribsisse!
1590 778 1743 820 Ausim

182 844 352 898 dicere,
385 858 494 899 quae
524 858 593 886 me
623 844 777 900 genuit
807 846 935 900 atque
967 843 1086 899 aluit,
1119 843 1230 886 nihil
1250 859 1455 900 umquam
1476 847 1567 887 tam
1594 846 1742 888 iucun-

198 912 300 954 dum
329 914 503 968 tamque
533 911 746 954 mellitum
777 927 871 955 eam
909 912 962 954 ad
992 927 1060 954 me
1091 913 1326 968 scripsisse.
1400 913 1551 969 Neque
1581 914 1662 956 hoc
1692 915 1743 957 fit

142 1023 151 1026 ,
196 980 401 1023 facundia
432 982 507 1022 aut
538 980 783 1036 eloquentia
820 982 916 1023 tua:
969 981 1128 1037 alioqui
1163 996 1253 1023 non
1290 982 1415 1023 modo
1455 984 1593 1024 mater
1630 998 1739 1038 mea,

197 1049 272 1091 sed
302 1063 450 1091 omnes
481 1049 554 1104 qui
595 1049 602 1106 1
631 1050 647 1075 ⁵
677 1049 866 1105 spirant,
900 1049 1012 1105 quod
1041 1049 1230 1105 faciant,
1277 1050 1505 1092 confestim
1543 1051 1624 1093 tibi
1656 1066 1741 1094 ces-

196 1111 470 1160 serintffsed
499 1117 608 1160 istae
638 1117 810 1160 litterae
839 1118 902 1160 -ad
939 1132 1008 1160 me
1044 1120 1146 1160 tuae
1177 1118 1344 1174 neque⁶
1380 1119 1565 1161 disertae
1602 1135 1741 1175 neque

196 1186 369 1241 doctae,
409 1187 534 1228 tanta
564 1185 837 1242 benignitate
876 1187 1114 1242 scatentes,
1159 1189 1286 1228 tanta
1326 1187 1567 1229 adfectione
1608 1188 1741 1230 abun—

197 1254 373 1309 dantes,
417 1256 540 1296 tanto
579 1269 722 1297 amore
752 1254 968 1310 lucentes,
1007 1269 1096 1298 non
1127 1255 1232 1297 satis
1262 1255 1458 1311 proloqui
1487 1271 1662 1312 possum
1693 1259 1742 1298 ut

197 1322 390 1365 animum
418 1313 561 1364 meum
591 1323 749 1379 gaudio
778 1323 825 1365 in
857 1323 993 1365 altum
1011 1324 1287 1379 sustulerint,
1320 1324 1528 1367 desiderio
1547 1325 1740 1381 fraglan-

194 1391 360 1434 tissimo
397 1391 727 1446 incitaverintb‚
780 1394 1019 1448 postremo,
1067 1393 1179 1448 quod
1214 1382 1280 1434 'ait
1316 1392 1359 1435 N
1362 1393 1501 1448 evius,
1549 1394 1741 1436 animum

196 1474 340 1502 amore
372 1459 572 1515 eapitah'e
604 1460 941 1516 conpleverint7.

307 1528 389 1571 Illa
419 1528 532 1570 alia⁸
563 1528 748 1584 epistula
776 1530 866 1584 tua,
900 1544 983 1585 qua
1013 1529 1252 1584 indicabas,
1292 1544 1365 1571 cur
1394 1530 1561 1572 tardius
1583 1531 1739 1572 oratio-

194 1611 309 1652 nem,
341 1611 425 1652 qua
455 1596 707 1639 laudaturus
738 1612 782 1639 es
803 1596 1038 1639 Dominum
1059 1612 1215 1653 meum,
1248 1598 1294 1639 in
1319 1600 1472 1640 senatu
1495 1598 1739 1653 prolaturus

195 1679 330 1721 esses,
355 1667 481 1706 tanta
506 1664 727 1720 voluptate
759 1665 940 1720 adfecit,
972 1665 1047 1707 ut⁹
1078 1667 1319 1721 temperare
1340 1681 1427 1722 non
1454 1666 1740 1722 potuerim——

195 1735 238 1775 et
267 1732 424 1775 videris
461 1734 509 1774 tu
540 1748 596 1774 an
626 1735 788 1776 temere
818 1733 996 1775 fecerim
1018 1759 1096 1788 —,
1129 1734 1234 1789 quin
1266 1749 1360 1776 eam
1390 1734 1473 1790 ipsi
1504 1735 1620 1790 patri
1644 1750 1738 1777 meo

194 1801 435 1843 recitarem.
459 1800 630 1851 Quanto
648 1816 776 1856 opere
788 1802 820 1828 ¹⁰
839 1803 983 1844 autem
1005 1816 1101 1844 eum
1121 1801 1278 1844 iuverit
1291 1803 1338 1858 ¹¹,
1356 1802 1466 1844 nihil
1482 1817 1550 1844 me
1567 1805 1739 1857 oportet

193 1870 406 1926 persequi,
439 1884 566 1925 quom
595 1871 644 1911 tu
674 1871 718 1912 et
747 1869 862 1911 illius
893 1885 1104 1912 summam
1133 1870 1472 1913 benivolentiam
1495 1872 1538 1912 et
1564 1873 1738 1913 tuarum

193 1938 439 1980 litterarum
469 1938 693 1994 egregiam
724 1938 988 1994 elegantiam
1018 1939 1150 1981 noris.
1213 1938 1310 1982 Sed·
1329 1954 1381 1981 ex
1421 1953 1471 1981 ea
1505 1953 1551 1981 re
1581 1939 1737 1995 longus

1704 2047 1722 2056 x

308 2086 331 2110 a
355 2077 399 2109 In
423 2079 590 2120 margine:
616 2075 660 2109 In
684 2074 758 2110 alio
782 2074 890 2121 pluit.

308 2131 333 2167 b
359 2134 404 2166 In
428 2135 598 2177 marqine:
623 2132 666 2167 In
691 2131 764 2167 alio
788 2131 1033 2168 incenderint.

308 2200 328 2224 c
353 2191 397 2224 In
421 2193 588 2235 margine:
614 2189 730 2224 Amor
754 2187 936 2234 capitalis.

310 2342 326 2373 1
355 2337 443 2373 Cod.
469 2349 525 2383 pr.
553 2349 602 2373 m.
628 2351 713 2374 mea.

308 2398 328 2430 2
355 2394 443 2430 Cod.
472 2405 544 2430 sec.
570 2406 619 2430 m.
645 2398 819 2440 magister.

308 2456 328 2487 3
354 2451 443 2487 Ood.
469 2454 576 2487 habeo
597 2455 772 2497 possideo,
796 2452 878 2487 tum
901 2455 1009 2488 habeo
1035 2453 1269 2498 expunctum.

307 2512 329 2543 4
352 2507 556 2543 Mostellar.
583 2508 611 2542 I.
638 2512 670 2543 2.
697 2512 752 2543 62.

310 2569 331 2601 5
355 2564 490 2610 Incipit
515 2562 603 2598 Cod.
631 2563 750 2600 Vatic.
778 2577 815 2611 p.
836 2569 910 2602 173.

309 2627 330 2658 6
355 2621 444 2657 Ood.
470 2633 525 2667 pr.
554 2633 602 2655 m.
629 2624 787 2667 denique.

309 2683 328 2715 7
355 2678 463 2714 Cod.:
490 2682 743 2723 conpleverunt.

308 2739 329 2772 8
354 2735 449 2770 Add.
478 2746 550 2771 sec.
577 2747 624 2769 m.

309 2797 330 2828 9
355 2791 443 2827 cod.
468 2804 525 2838 pr.
552 2802 609 2827 m.
627 2798 661 2827 ue
687 2799 733 2830 et,
760 2824 763 2826 .

288 2852 330 2884 10
356 2848 444 2884 Cod.
470 2860 526 2894 pr.
552 2860 600 2884 m.
628 2856 853 2895 quantopere.

287 2907 327 2940 11
354 2903 442 2941 Cod.
470 2916 541 2941 sec.
567 2918 615 2941 m.
642 2910 797 2942 iuverint.

333 3084 347 3104 Ι
