1968 3158
719 160 782 197 DE
807 160 1001 197 NEPOTE
1026 159 1213 197 AMISSO.
1647 161 1734 205 235

311 276 382 319 Me
404 277 547 319 autem
569 276 815 319 consolatur
845 278 962 319 aetas
993 290 1089 318 mea
1108 290 1242 333 prope
1263 277 1348 319 iam
1369 275 1509 319 edita¹
1541 278 1585 319 et
1604 276 1733 319 morti

197 344 407 402 proxima.
446 343 564 394 Quae
595 359 692 387 cum
723 344 874 399 aderit,
907 344 942 387 si
974 344 1127 399 noetis,
1159 344 1195 387 si
1226 344 1333 387 lueis
1363 344 1406 387 id
1436 346 1605 401 tempus
1636 345 1732 399 erit,

199 413 365 456 caelum
395 413 567 470 quidem
605 412 883 455 consalutabo
921 412 1145 456 discedens
1185 414 1228 456 et
1257 428 1366 470 quae
1397 412 1503 456 mihi
1536 412 1732 457 conscius

199 496 293 524 sum
323 482 607 538 protestabor.

313 549 461 592 “Nihil
491 550 537 592 in
567 549 698 606 longo
728 549 842 591 vitae
863 564 982 592 meae
1003 549 1145 605 spatio
1166 565 1191 591 a
1211 564 1279 592 me
1301 549 1532 593 admissum
1546 550 1592 607 1²,
1622 551 1733 607 quod

199 618 395 662 dedecori
440 620 515 660 aut
558 617 715 673 probro
760 619 837 659 aut
881 617 1048 673 flagitio
1094 618 1230 660 foret:
1281 618 1447 661 nullum
1497 619 1542 661 in
1593 621 1734 662 aetate

200 686 373 744 agunda
411 700 610 740 avarum,
667 684 832 727 nullum
870 685 1079 741 perfidum
1117 685 1287 728 facinus
1331 701 1473 729 meum
1519 687 1734 742 extitisse3

201 756 435 811 contraque
478 753 616 796 multa
660 753 916 808 liberaliter,
963 754 1099 796 multa
1146 754 1302 809 amice,
1352 755 1488 797 multa
1535 755 1732 810 fideliter,

199 823 336 866 multa
366 823 628 876 constanter,
669 836 796 877 saepe
826 822 958 864 etiam
989 837 1084 864 cum
1115 815 1305 878 periculo
1337 822 1491 878 capitis
1523 824 1732 866 consulta.

200 889 308 934 Cum
344 890 504 932 fratre³
541 890 704 945 optimo
743 889 1071 933 concordissime
1109 890 1219 945 vixi,
1264 905 1389 946 quem
1427 891 1564 946 patris
1605 892 1733 933 vestri

201 958 394 1001 bonitate
425 973 612 1001 summos
648 957 832 1001 honores
864 958 1068 1014 adeptum
1098 959 1278 1014 gaudeo,
1319 961 1462 1001 vestra
1500 973 1600 1001 vero
1631 960 1733 1001 ami-

201 1027 304 1070 citia
333 1026 439 1069 satis
469 1026 662 1082 quietum
691 1028 735 1069 et
763 1026 947 1069 multum
977 1041 1174 1069 securum
1203 1026 1338 1069 video.
1387 1026 1597 1082 Honores,
1630 1043 1735 1085 quos

200 1095 292 1151 ipse
331 1095 511 1151 adeptus
549 1109 664 1150 sum,
711 1109 946 1150 numquam
983 1095 1177 1150 inprobis
1216 1095 1456 1137 rationibus
1494 1097 1733 1152 concupivi.

202 1163 360 1207 Animo
396 1163 539 1219 potius
582 1178 711 1220 quam
733 1161 738 1164 ’
757 1163 924 1219 corpori
964 1163 1152 1206 curando
1190 1177 1365 1219 operam
1411 1163 1523 1205 dedi.
1585 1163 1735 1207 Studia

201 1232 423 1274 doctrinae
453 1232 516 1274 rei
544 1231 751 1274 familiari
780 1245 900 1274 meae
934 1231 1134 1287 praetuli.
1183 1230 1448 1287 Pauperem⁴
1479 1232 1576 1274 meb
1607 1246 1736 1287 quam

201 1314 281 1356 ope
304 1299 555 1356 cuiusquam
576 1299 790 1355 adiutum,
822 1302 1040 1356 postremo
1071 1301 1224 1356 egere5
1254 1314 1382 1355 quam
1411 1314 1587 1356 poscere
1617 1315 1736 1342 man-

200 1368 262 1410 lui
272 1367 302 1410 ⁶.
356 1366 536 1423 Sumptu
572 1383 808 1424 numquam
836 1368 1018 1424 prodigo
1047 1368 1136 1423 fui,
1169 1367 1374 1424 quaestu⁷
1407 1367 1623 1410 interdum
1661 1383 1735 1410 ne-

203 1436 425 1479 cessarioss.
486 1435 649 1479 Verum
678 1436 768 1479 dixi
798 1436 958 1491 sedulo,
991 1451 1140 1478 verum
1178 1435 1321 1478 audivi
1350 1435 1549 1490 libenter.
1588 1435 1737 1478 Potius

202 1504 303 1546 duxi
333 1504 508 1560 neglegi
538 1519 666 1560 quam
695 1504 903 1559 blandiri,
935 1506 1078 1546 tacere
1109 1518 1237 1560 quam
1267 1503 1452 1559 fingere,
1488 1503 1737 1559 infrequens

203 1573 366 1615 amicus
406 1586 498 1614 esse
534 1587 665 1628 quam
699 1572 902 1628 frequens
942 1572 1229 1614 adsentator8.
1290 1571 1435 1613 Pauca
1473 1571 1578 1626 petii
1588 1588 1610 1627 ,¹
1649 1586 1736 1614 non

202 1655 341 1697 pauca
387 1640 566 1682 meruid.
628 1640 749 1690 Quod
788 1639 940 1695 cuique
978 1639 1114 1695 potui,
1166 1654 1244 1694 pro
1289 1639 1412 1694 copia
1458 1639 1734 1682 commodavi.

203 1708 469 1751 Merentibus
499 1708 724 1765 promtius,
756 1707 1081 1751 immerentibus
1112 1707 1313 1750 audacius
1343 1721 1469 1762 opem
1497 1707 1591 1749 tuli.
1654 1707 1736 1750 Ne-

318 1856 341 1881 a
365 1848 411 1880 In
433 1848 604 1891 maryine:
633 1843 764 1880 Virum
788 1844 929 1879 bonum
954 1843 1102 1888 qualem
1128 1853 1208 1879 esse
1233 1843 1393 1889 oportet.
1443 1841 1569 1885 Qualis
1597 1842 1737 1878 Fronto

203 1901 327 1938 fuerit.
354 1901 427 1946 (Ita
448 1900 579 1937 Maius.
631 1900 755 1937 Codex
779 1900 886 1937 nobis
912 1900 1032 1936 dedit:
1060 1902 1175 1943 Qualis
1200 1930 1207 1938 .
1234 1925 1244 1935 .
1267 1913 1301 1934 n.
1327 1900 1468 1943 serent).

254 1955 258 1957 ⁵
317 1959 343 1994 b
369 1960 414 1993 In
436 1961 609 2004 maryt‘ne:
632 1957 738 1993 Mire.

319 2027 338 2050 c
363 2017 408 2050 In
431 2018 598 2060 margine:
623 2013 745 2059 Egere
771 2025 883 2059 quam
906 2024 1060 2060 poscere
1084 2012 1208 2049 malui.
1259 2012 1419 2058 Sumptu
1442 2023 1632 2057 nunquam
1655 2022 1739 2058 pro-

205 2072 314 2118 digus
338 2071 406 2115 fni3
432 2082 467 2116 q.
493 2070 516 2107 i.
543 2082 580 2106 n.

319 2129 344 2164 d
369 2131 412 2164 In
437 2131 605 2174 maryine:
636 2127 762 2179 Pauca
785 2139 821 2173 p.
848 2139 883 2163 n.
910 2139 947 2173 p.
973 2126 1103 2163 merui.

320 2258 337 2290 1
363 2254 390 2289 Ι.
422 2264 453 2289 e.
485 2260 621 2290 exacta.
670 2252 773 2289 Conf.
807 2252 900 2288 Gell.
931 2252 995 2287 III.
1029 2255 1070 2288 15
1105 2250 1276 2298 Appulei.
1303 2250 1349 2286 de
1384 2250 1464 2286 Deo
1496 2249 1595 2286 Soor.
1633 2261 1669 2295 p.
1696 2253 1740 2285 50

205 2311 299 2347 ΕΙΙΠ.
327 2309 400 2347 Cic.
429 2310 474 2346 de
498 2310 577 2346 Fin.
605 2313 636 2346 5.
662 2314 694 2346 2.
744 2312 979 2354 HeindorfiuS.

320 2371 341 2402 2
365 2365 501 2412 Incipit
525 2365 613 2402 Cod.
639 2377 676 2411 p.
704 2369 780 2402 182.

320 2428 342 2460 3
366 2422 474 2459 Cod.:
501 2423 605 2464 Quom
624 2425 752 2467 frater.

321 2484 342 2515 4
366 2478 476 2514 Dicta.
499 2479 592 2514 haec
616 2488 639 2513 a
662 2477 849 2513 Frontone
881 2477 927 2512 de
957 2477 1020 2512 illo
1050 2478 1219 2523 tempore
1250 2476 1427 2523 intellige,
1459 2487 1542 2511 cum
1574 2476 1738 2511 nondum

209 2538 336 2573 rhetor
351 2536 494 2571 Romae
510 2533 753 2570 inclaruisset.
795 2533 941 2577 Postea,
967 2534 1008 2568 ut
1024 2534 1151 2569 statim
1168 2533 1246 2579 ipsc
1264 2533 1372 2576 dicet,
1398 2546 1463 2569 non
1478 2545 1591 2577 pauca
1608 2536 1738 2574 meruit,

208 2595 250 2629 ut
274 2593 338 2639 qui
361 2591 505 2628 balneis
528 2590 633 2626 novis
656 2589 852 2625 moliendis
882 2589 999 2625 multo
1030 2590 1113 2635 plus
1144 2600 1255 2634 quam
1285 2589 1455 2624 trecenta
1486 2588 1658 2625 sestertia
1685 2588 1738 2623 in-

208 2660 354 2687 sumere
378 2648 512 2695 posset.
559 2650 690 2683 Heind.

322 2710 343 2742 5
365 2704 486 2741 Maius
509 2714 708 2750 perperam
731 2702 937 2749 interponit
952 2715 1013 2738 me.

322 2766 343 2799 6
366 2763 427 2798 Ita
449 2761 584 2798 Codex.

325 2823 344 2855 7
371 2818 511 2855 Codex:
537 2821 702 2865 quaestui.
727 2837 770 2842 ——
794 2815 912 2853 Immo
938 2823 1093 2863 quaestu.
1140 2818 1372 2860 Heindorfius.

323 2879 344 2912 8
369 2874 477 2911 Cod.:
501 2877 699 2911 adsenaeor.
748 2872 850 2911 Corr.
875 2872 1005 2909 Mm'us.
