<?xml version="1.0" encoding="UTF-8"?>
<!DOCTYPE html PUBLIC "-//W3C//DTD XHTML 1.0 Transitional//EN"
    "http://www.w3.org/TR/xhtml1/DTD/xhtml1-transitional.dtd">
<html xmlns="http://www.w3.org/1999/xhtml" xml:lang="en" lang="en">
 <head>
  <title>
</title>
<meta http-equiv="Content-Type" content="text/html;charset=utf-8" />
  <meta name='ocr-system' content='tesseract 3.04.00' />
  <meta name='ocr-capabilities' content='ocr_page ocr_carea ocr_par ocr_line ocrx_word'/>
</head>
<body>
  <div class='ocr_page' id='page_1' title='image "./mcorneliifronton00fronuoft_0073.png"; bbox 0 0 1968 3158; ppageno 0'>
   <div class='ocr_carea' id='block_1_1' title="bbox 574 24 776 59">
    <p class='ocr_par' dir='ltr' id='par_1_1' title="bbox 574 24 776 59">
     <span class='ocr_line' id='line_1_1' title="bbox 574 24 776 59; baseline 0 -13"><span class='ocrx_word' id='word_1_1' title='bbox 574 44 594 59; x_wconf 40' lang='lat' dir='ltr'>s</span> <span class='ocrx_word' id='word_1_2' title='bbox 751 24 776 46; x_wconf 73' lang='lat'>0</span> 
     </span>
    </p>
   </div>
   <div class='ocr_carea' id='block_1_2' title="bbox 519 185 1776 228">
    <p class='ocr_par' dir='ltr' id='par_1_2' title="bbox 519 185 1776 228">
     <span class='ocr_line' id='line_1_2' title="bbox 519 185 1776 228; baseline -0.002 -5"><span class='ocrx_word' id='word_1_3' title='bbox 519 188 585 224; x_wconf 87' lang='lat' dir='ltr'>AD</span> <span class='ocrx_word' id='word_1_4' title='bbox 611 188 658 223; x_wconf 91' lang='lat' dir='ltr'>M.</span> <span class='ocrx_word' id='word_1_5' title='bbox 680 187 937 223; x_wconf 83' lang='lat' dir='ltr'>CAESAREM</span> <span class='ocrx_word' id='word_1_6' title='bbox 963 187 1025 222; x_wconf 84' lang='grc' dir='ltr'>ΕΤ</span> <span class='ocrx_word' id='word_1_7' title='bbox 1052 186 1255 222; x_wconf 87' lang='lat' dir='ltr'>INVICEM</span> <span class='ocrx_word' id='word_1_8' title='bbox 1280 185 1424 221; x_wconf 77' lang='lat' dir='ltr'><strong>LIBER</strong></span> <span class='ocrx_word' id='word_1_9' title='bbox 1450 186 1493 220; x_wconf 86' lang='lat'>11.</span> <span class='ocrx_word' id='word_1_10' title='bbox 1721 187 1776 228; x_wconf 84' lang='lat'>33</span> 
     </span>
    </p>
   </div>
   <div class='ocr_carea' id='block_1_3' title="bbox 221 299 1778 838">
    <p class='ocr_par' dir='ltr' id='par_1_3' title="bbox 221 299 1778 838">
     <span class='ocr_line' id='line_1_3' title="bbox 231 299 1775 359; baseline -0.004 -11"><span class='ocrx_word' id='word_1_11' title='bbox 231 304 314 348; x_wconf 86' lang='lat' dir='ltr'>Sed</span> <span class='ocrx_word' id='word_1_12' title='bbox 345 304 460 347; x_wconf 89' lang='lat' dir='ltr'>enim</span> <span class='ocrx_word' id='word_1_13' title='bbox 498 303 600 359; x_wconf 85' lang='lat' dir='ltr'>quid</span> <span class='ocrx_word' id='word_1_14' title='bbox 631 318 698 345; x_wconf 86' lang='lat' dir='ltr'>me</span> <span class='ocrx_word' id='word_1_15' title='bbox 736 302 841 345; x_wconf 75' lang='lat' dir='ltr'>fiet?</span> <span class='ocrx_word' id='word_1_16' title='bbox 901 302 967 344; x_wconf 94' lang='lat' dir='ltr'>Ne</span> <span class='ocrx_word' id='word_1_17' title='bbox 1006 302 1198 344; x_wconf 81' lang='lat' dir='ltr'>osculum</span> <span class='ocrx_word' id='word_1_18' title='bbox 1229 299 1400 357; x_wconf 81' lang='lat' dir='ltr'>quidem</span> <span class='ocrx_word' id='word_1_19' title='bbox 1431 301 1565 343; x_wconf 88' lang='lat' dir='ltr'>ullum</span> <span class='ocrx_word' id='word_1_20' title='bbox 1596 303 1662 342; x_wconf 84' lang='lat' dir='ltr'>est</span> <span class='ocrx_word' id='word_1_21' title='bbox 1693 300 1775 342; x_wconf 83' lang='lat' dir='ltr'>Ro-</span> 
     </span>
     <span class='ocr_line' id='line_1_4' title="bbox 229 370 1777 426; baseline -0.003 -11"><span class='ocrx_word' id='word_1_22' title='bbox 229 387 326 416; x_wconf 90' lang='lat' dir='ltr'>mae</span> <span class='ocrx_word' id='word_1_23' title='bbox 356 372 587 415; x_wconf 88' lang='lat' dir='ltr'>residuum.</span> <span class='ocrx_word' id='word_1_24' title='bbox 640 371 800 414; x_wconf 87' lang='lat' dir='ltr'>Omnes</span> <span class='ocrx_word' id='word_1_25' title='bbox 839 386 959 413; x_wconf 85' lang='lat' dir='ltr'>meac</span> <span class='ocrx_word' id='word_1_26' title='bbox 996 371 1199 413; x_wconf 80' lang='lat' dir='ltr'><strong>fortunae</strong></span> <span class='ocrx_word' id='word_1_27' title='bbox 1237 373 1281 412; x_wconf 86' lang='lat' dir='ltr'>et</span> <span class='ocrx_word' id='word_1_28' title='bbox 1318 385 1414 412; x_wconf 86' lang='lat' dir='ltr'>mea</span> <span class='ocrx_word' id='word_1_29' title='bbox 1444 370 1589 412; x_wconf 87' lang='lat' dir='ltr'>omnia</span> <span class='ocrx_word' id='word_1_30' title='bbox 1619 370 1777 426; x_wconf 82' lang='lat' dir='ltr'>gaudia</span> 
     </span>
     <span class='ocr_line' id='line_1_5' title="bbox 230 438 1776 497; baseline -0.003 -13"><span class='ocrx_word' id='word_1_31' title='bbox 230 441 414 497; x_wconf 88' lang='lat' dir='ltr'>Neapoli</span> <span class='ocrx_word' id='word_1_32' title='bbox 455 442 571 483; x_wconf 84' lang='lat' dir='ltr'>sunt.</span> <span class='ocrx_word' id='word_1_33' title='bbox 633 439 742 482; x_wconf 89' lang='lat' dir='ltr'>Oro¹</span> <span class='ocrx_word' id='word_1_34' title='bbox 778 442 836 495; x_wconf 76' lang='lat' dir='ltr'>te,</span> <span class='ocrx_word' id='word_1_35' title='bbox 876 439 969 495; x_wconf 82' lang='lat' dir='ltr'>quis</span> <span class='ocrx_word' id='word_1_36' title='bbox 1009 439 1116 481; x_wconf 80' lang='lat' dir='ltr'>iste²</span> <span class='ocrx_word' id='word_1_37' title='bbox 1153 453 1245 480; x_wconf 87' lang='lat' dir='ltr'>mos</span> <span class='ocrx_word' id='word_1_38' title='bbox 1278 440 1343 481; x_wconf 82' lang='lat' dir='ltr'>est</span> <span class='ocrx_word' id='word_1_39' title='bbox 1373 438 1510 494; x_wconf 79' lang='lat' dir='ltr'>pridie</span> <span class='ocrx_word' id='word_1_40' title='bbox 1548 438 1776 494; x_wconf 82' lang='lat' dir='ltr'>magistra-</span> 
     </span>
     <span class='ocr_line' id='line_1_6' title="bbox 229 506 1777 563; baseline -0.003 -11"><span class='ocrx_word' id='word_1_41' title='bbox 229 510 328 552; x_wconf 76' lang='lat' dir='ltr'>tus³</span> <span class='ocrx_word' id='word_1_42' title='bbox 358 508 585 552; x_wconf 76' lang='lat' dir='ltr'>eiurandi‘?</span> <span class='ocrx_word' id='word_1_43' title='bbox 615 507 724 558; x_wconf 82' lang='lat' dir='ltr'>Quid</span> <span class='ocrx_word' id='word_1_44' title='bbox 755 508 868 563; x_wconf 91' lang='lat' dir='ltr'>quod</span> <span class='ocrx_word' id='word_1_45' title='bbox 899 521 980 563; x_wconf 87' lang='lat' dir='ltr'>ego</span> <span class='ocrx_word' id='word_1_46' title='bbox 1010 509 1188 562; x_wconf 83' lang='lat' dir='ltr'>paratus</span> <span class='ocrx_word' id='word_1_47' title='bbox 1220 522 1328 562; x_wconf 81' lang='lat' dir='ltr'>sum,</span> <span class='ocrx_word' id='word_1_48' title='bbox 1366 507 1467 549; x_wconf 90' lang='lat' dir='ltr'>dum</span> <span class='ocrx_word' id='word_1_49' title='bbox 1499 508 1601 548; x_wconf 86' lang='lat' dir='ltr'>ante</span> <span class='ocrx_word' id='word_1_50' title='bbox 1632 506 1777 562; x_wconf 86' lang='lat' dir='ltr'>plures</span> 
     </span>
     <span class='ocr_line' id='line_1_7' title="bbox 231 575 1777 632; baseline -0.003 -11"><span class='ocrx_word' id='word_1_51' title='bbox 231 578 321 621; x_wconf 86' lang='lat' dir='ltr'>dies</span> <span class='ocrx_word' id='word_1_52' title='bbox 353 578 525 632; x_wconf 84' lang='lat' dir='ltr'>eiurem‚</span> <span class='ocrx_word' id='word_1_53' title='bbox 558 591 636 632; x_wconf 88' lang='lat' dir='ltr'>per</span> <span class='ocrx_word' id='word_1_54' title='bbox 664 576 809 631; x_wconf 85' lang='lat' dir='ltr'>plures</span> <span class='ocrx_word' id='word_1_55' title='bbox 840 575 965 617; x_wconf 77' lang='lat' dir='ltr'>deos⁴</span> <span class='ocrx_word' id='word_1_56' title='bbox 987 575 1161 616; x_wconf 75' lang='lat' dir='ltr'>iurare?</span> <span class='ocrx_word' id='word_1_57' title='bbox 1220 575 1331 625; x_wconf 84' lang='lat' dir='ltr'>Quid</span> <span class='ocrx_word' id='word_1_58' title='bbox 1363 578 1428 618; x_wconf 90' lang='lat' dir='ltr'>est</span> <span class='ocrx_word' id='word_1_59' title='bbox 1461 577 1618 630; x_wconf 84' lang='lat' dir='ltr'>autem,</span> <span class='ocrx_word' id='word_1_60' title='bbox 1666 575 1777 631; x_wconf 92' lang='lat' dir='ltr'>quod</span> 
     </span>
     <span class='ocr_line' id='line_1_8' title="bbox 221 642 1778 699; baseline -0.003 -10"><span class='ocrx_word' id='word_1_61' title='bbox 221 646 448 699; x_wconf 23' lang='lat' dir='ltr'>*iuraturus</span> <span class='ocrx_word' id='word_1_62' title='bbox 486 660 581 688; x_wconf 88' lang='lat' dir='ltr'>sum</span> <span class='ocrx_word' id='word_1_63' title='bbox 625 659 693 687; x_wconf 88' lang='lat' dir='ltr'>me</span> <span class='ocrx_word' id='word_1_64' title='bbox 733 643 959 687; x_wconf 71' lang='lat' dir='ltr'>consulatu</span> <span class='ocrx_word' id='word_1_65' title='bbox 1006 642 1156 684; x_wconf 76' lang='lat' dir='ltr'>abire?</span> <span class='ocrx_word' id='word_1_66' title='bbox 1215 643 1312 699; x_wconf 83' lang='lat' dir='ltr'>Ego</span> <span class='ocrx_word' id='word_1_67' title='bbox 1358 659 1458 686; x_wconf 84' lang='lat' dir='ltr'>vero</span> <span class='ocrx_word' id='word_1_68' title='bbox 1499 644 1629 686; x_wconf 86' lang='lat' dir='ltr'>etiam</span> <span class='ocrx_word' id='word_1_69' title='bbox 1671 643 1778 685; x_wconf 90' lang='lat' dir='ltr'>illud</span> 
     </span>
     <span class='ocr_line' id='line_1_9' title="bbox 230 711 1777 769; baseline -0.003 -11"><span class='ocrx_word' id='word_1_70' title='bbox 230 715 440 769; x_wconf 79' lang='lat' dir='ltr'>iuravem,</span> <span class='ocrx_word' id='word_1_71' title='bbox 479 728 548 755; x_wconf 89' lang='lat' dir='ltr'>me</span> <span class='ocrx_word' id='word_1_72' title='bbox 583 712 685 755; x_wconf 91' lang='lat' dir='ltr'>olim</span> <span class='ocrx_word' id='word_1_73' title='bbox 717 711 943 755; x_wconf 72' lang='lat' dir='ltr'>consulatu</span> <span class='ocrx_word' id='word_1_74' title='bbox 981 711 1100 753; x_wconf 87' lang='lat' dir='ltr'>abire</span> <span class='ocrx_word' id='word_1_75' title='bbox 1140 726 1316 766; x_wconf 82' lang='lat' dir='ltr'>cupere,</span> <span class='ocrx_word' id='word_1_76' title='bbox 1364 714 1412 754; x_wconf 88' lang='lat' dir='ltr'>ut</span> <span class='ocrx_word' id='word_1_77' title='bbox 1450 712 1510 754; x_wconf 91' lang='lat' dir='ltr'>M.</span> <span class='ocrx_word' id='word_1_78' title='bbox 1554 711 1777 754; x_wconf 89' lang='lat' dir='ltr'>Aurelium</span> 
     </span>
     <span class='ocr_line' id='line_1_10' title="bbox 232 782 506 838; baseline -0.011 -12"><span class='ocrx_word' id='word_1_79' title='bbox 232 782 506 838; x_wconf 87' lang='lat' dir='ltr'>complectar.</span> 
     </span>
    </p>
   </div>
   <div class='ocr_carea' id='block_1_4' title="bbox 444 939 1569 998">
    <p class='ocr_par' dir='ltr' id='par_1_4' title="bbox 444 939 1569 998">
     <span class='ocr_line' id='line_1_11' title="bbox 444 939 1569 998; baseline 0 -14"><span class='ocrx_word' id='word_1_80' title='bbox 444 941 535 985; x_wconf 90' lang='lat' dir='ltr'>IX.</span> <span class='ocrx_word' id='word_1_81' title='bbox 579 941 798 998; x_wconf 72' lang='lat' dir='ltr'>(consuli</span> <span class='ocrx_word' id='word_1_82' title='bbox 830 943 882 984; x_wconf 86' lang='lat' dir='ltr'>et</span> <span class='ocrx_word' id='word_1_83' title='bbox 912 941 1193 996; x_wconf 76' lang='lat' dir='ltr'>Magistro)⁵</span> <span class='ocrx_word' id='word_1_84' title='bbox 1225 940 1327 984; x_wconf 84' lang='lat' dir='ltr'>Meo</span> <span class='ocrx_word' id='word_1_85' title='bbox 1360 939 1569 995; x_wconf 84' lang='lat' dir='ltr'>Optimo.</span> 
     </span>
    </p>
   </div>
   <div class='ocr_carea' id='block_1_5' title="bbox 232 1044 1779 1170">
    <p class='ocr_par' dir='ltr' id='par_1_5' title="bbox 232 1044 1779 1170">
     <span class='ocr_line' id='line_1_12' title="bbox 345 1044 1779 1100; baseline -0.001 -13"><span class='ocrx_word' id='word_1_86' title='bbox 345 1044 442 1087; x_wconf 90' lang='lat' dir='ltr'>Hoc</span> <span class='ocrx_word' id='word_1_87' title='bbox 478 1059 581 1087; x_wconf 86' lang='lat' dir='ltr'>sane</span> <span class='ocrx_word' id='word_1_88' title='bbox 621 1047 863 1100; x_wconf 76' lang='lat' dir='ltr'>supererat,</span> <span class='ocrx_word' id='word_1_89' title='bbox 916 1046 966 1086; x_wconf 86' lang='lat' dir='ltr'>ut</span> <span class='ocrx_word' id='word_1_90' title='bbox 1010 1058 1137 1099; x_wconf 89' lang='lat' dir='ltr'>super</span> <span class='ocrx_word' id='word_1_91' title='bbox 1184 1047 1348 1099; x_wconf 77' lang='lat' dir='ltr'>cetera,</span> <span class='ocrx_word' id='word_1_92' title='bbox 1401 1059 1508 1099; x_wconf 86' lang='lat' dir='ltr'>quae</span> <span class='ocrx_word' id='word_1_93' title='bbox 1548 1044 1779 1100; x_wconf 82' lang='lat' dir='ltr'>insigniter</span> 
     </span>
     <span class='ocr_line' id='line_1_13' title="bbox 232 1112 1536 1170; baseline -0.002 -14"><span class='ocrx_word' id='word_1_94' title='bbox 232 1128 336 1170; x_wconf 85' lang='lat' dir='ltr'>erga</span> <span class='ocrx_word' id='word_1_95' title='bbox 366 1128 445 1156; x_wconf 89' lang='lat' dir='ltr'>nos</span> <span class='ocrx_word' id='word_1_96' title='bbox 474 1113 597 1168; x_wconf 86' lang='lat' dir='ltr'>facis,</span> <span class='ocrx_word' id='word_1_97' title='bbox 631 1114 762 1156; x_wconf 89' lang='lat' dir='ltr'>etiam</span> <span class='ocrx_word' id='word_1_98' title='bbox 794 1113 991 1156; x_wconf 85' lang='lat' dir='ltr'>Gratiam</span> <span class='ocrx_word' id='word_1_99' title='bbox 1020 1113 1214 1155; x_wconf 81' lang='lat' dir='ltr'>mitteres</span> <span class='ocrx_word' id='word_1_100' title='bbox 1245 1112 1329 1154; x_wconf 90' lang='lat' dir='ltr'>huc</span> <span class='ocrx_word' id='word_1_101' title='bbox 1453 1146 1462 1154; x_wconf 83' lang='grc'><strong>.</strong></span> <span class='ocrx_word' id='word_1_102' title='bbox 1499 1113 1536 1153; x_wconf 74' lang='lat'>,⁰</span> 
     </span>
    </p>
   </div>
   <div class='ocr_carea' id='block_1_6' title="bbox 466 1272 1528 1331">
    <p class='ocr_par' dir='ltr' id='par_1_6' title="bbox 466 1272 1528 1331">
     <span class='ocr_line' id='line_1_14' title="bbox 466 1272 1528 1331; baseline -0.001 -14"><span class='ocrx_word' id='word_1_103' title='bbox 466 1273 529 1317; x_wconf 91' lang='lat' dir='ltr'>X.</span> <span class='ocrx_word' id='word_1_104' title='bbox 572 1274 789 1331; x_wconf 80' lang='lat' dir='ltr'>(Consuli</span> <span class='ocrx_word' id='word_1_105' title='bbox 820 1275 871 1317; x_wconf 85' lang='lat' dir='ltr'>et</span> <span class='ocrx_word' id='word_1_106' title='bbox 900 1273 1133 1328; x_wconf 78' lang='lat' dir='ltr'>Magistro</span> <span class='ocrx_word' id='word_1_107' title='bbox 1153 1273 1266 1316; x_wconf 76' lang='lat' dir='ltr'>&#39;Meo</span> <span class='ocrx_word' id='word_1_108' title='bbox 1298 1272 1528 1328; x_wconf 83' lang='lat' dir='ltr'>Optimo).</span> 
     </span>
    </p>
   </div>
   <div class='ocr_carea' id='block_1_7' title="bbox 232 1376 1778 1502">
    <p class='ocr_par' dir='ltr' id='par_1_7' title="bbox 232 1376 1778 1502">
     <span class='ocr_line' id='line_1_15' title="bbox 349 1376 1778 1434; baseline -0.001 -15"><span class='ocrx_word' id='word_1_109' title='bbox 349 1411 538 1420; x_wconf 91' lang='grc'><strong>.....</strong></span> <span class='ocrx_word' id='word_1_110' title='bbox 553 1377 584 1434; x_wconf 71' lang='grc' dir='ltr'>ΊΙ</span> <span class='ocrx_word' id='word_1_111' title='bbox 626 1376 852 1419; x_wconf 88' lang='lat' dir='ltr'>adfinitate</span> <span class='ocrx_word' id='word_1_112' title='bbox 873 1377 1101 1422; x_wconf 73' lang='lat' dir='ltr'>,sociatum</span> <span class='ocrx_word' id='word_1_113' title='bbox 1110 1410 1121 1432; x_wconf 68' lang='lat'><em>7</em></span> <span class='ocrx_word' id='word_1_114' title='bbox 1162 1391 1301 1432; x_wconf 87' lang='lat' dir='ltr'>neque</span> <span class='ocrx_word' id='word_1_115' title='bbox 1338 1376 1501 1418; x_wconf 87' lang='lat' dir='ltr'>tutelae</span> <span class='ocrx_word' id='word_1_116' title='bbox 1539 1376 1778 1418; x_wconf 84' lang='lat' dir='ltr'>subditum:</span> 
     </span>
     <span class='ocr_line' id='line_1_16' title="bbox 232 1443 1778 1502; baseline -0.001 -15"><span class='ocrx_word' id='word_1_117' title='bbox 232 1447 456 1502; x_wconf 85' lang='lat' dir='ltr'>praeterea</span> <span class='ocrx_word' id='word_1_118' title='bbox 486 1445 533 1487; x_wconf 90' lang='lat' dir='ltr'>in</span> <span class='ocrx_word' id='word_1_119' title='bbox 555 1460 605 1487; x_wconf 92' lang='lat' dir='ltr'>ea</span> <span class='ocrx_word' id='word_1_120' title='bbox 623 1445 801 1488; x_wconf 84' lang='lat' dir='ltr'>fortuna</span> <span class='ocrx_word' id='word_1_121' title='bbox 823 1445 1121 1501; x_wconf 79' lang='lat' dir='ltr'>constitutum,</span> <span class='ocrx_word' id='word_1_122' title='bbox 1153 1445 1201 1487; x_wconf 90' lang='lat' dir='ltr'>in</span> <span class='ocrx_word' id='word_1_123' title='bbox 1222 1460 1319 1501; x_wconf 76' lang='lat' dir='ltr'>qua,</span> <span class='ocrx_word' id='word_1_124' title='bbox 1352 1447 1400 1486; x_wconf 92' lang='lat' dir='ltr'>ut</span> <span class='ocrx_word' id='word_1_125' title='bbox 1421 1443 1471 1494; x_wconf 81' lang='lat' dir='ltr'>Q.</span> <span class='ocrx_word' id='word_1_126' title='bbox 1495 1444 1664 1487; x_wconf 86' lang='lat' dir='ltr'>Ennius</span> <span class='ocrx_word' id='word_1_127' title='bbox 1697 1445 1778 1486; x_wconf 89' lang='lat' dir='ltr'>ait:</span> 
     </span>
    </p>
   </div>
   <div class='ocr_carea' id='block_1_8' title="bbox 233 1527 1780 1793">
    <p class='ocr_par' dir='ltr' id='par_1_8' title="bbox 233 1527 1780 1793">
     <span class='ocr_line' id='line_1_17' title="bbox 293 1527 1707 1578; baseline -0.001 -11"><span class='ocrx_word' id='word_1_128' title='bbox 293 1527 435 1568; x_wconf 86' lang='lat' dir='ltr'>Omnes</span> <span class='ocrx_word' id='word_1_129' title='bbox 465 1529 568 1568; x_wconf 81' lang='lat' dir='ltr'>dant</span> <span class='ocrx_word' id='word_1_130' title='bbox 595 1530 808 1568; x_wconf 77' lang='lat' dir='ltr'>consilium</span> <span class='ocrx_word' id='word_1_131' title='bbox 838 1540 986 1568; x_wconf 82' lang='lat' dir='ltr'>vanum</span> <span class='ocrx_word' id='word_1_132' title='bbox 1019 1529 1154 1578; x_wconf 82' lang='lat' dir='ltr'>adque</span> <span class='ocrx_word' id='word_1_133' title='bbox 1183 1529 1241 1567; x_wconf 82' lang='lat' dir='ltr'>ad</span> <span class='ocrx_word' id='word_1_134' title='bbox 1269 1529 1516 1578; x_wconf 78' lang='lat' dir='ltr'>voluptatem</span> <span class='ocrx_word' id='word_1_135' title='bbox 1549 1530 1707 1567; x_wconf 77' lang='lat' dir='ltr'>omnia.-</span> 
     </span>
     <span class='ocr_line' id='line_1_18' title="bbox 347 1604 1780 1661; baseline -0.001 -14"><span class='ocrx_word' id='word_1_136' title='bbox 347 1605 458 1647; x_wconf 87' lang='lat' dir='ltr'>Item</span> <span class='ocrx_word' id='word_1_137' title='bbox 507 1605 620 1660; x_wconf 91' lang='lat' dir='ltr'>quod</span> <span class='ocrx_word' id='word_1_138' title='bbox 663 1604 843 1647; x_wconf 86' lang='lat' dir='ltr'>Plautus</span> <span class='ocrx_word' id='word_1_139' title='bbox 901 1605 1103 1661; x_wconf 81' lang='lat' dir='ltr'>egregie8</span> <span class='ocrx_word' id='word_1_140' title='bbox 1152 1605 1200 1647; x_wconf 91' lang='lat' dir='ltr'>in</span> <span class='ocrx_word' id='word_1_141' title='bbox 1251 1605 1405 1647; x_wconf 77' lang='lat' dir='ltr'>Colace</span> <span class='ocrx_word' id='word_1_142' title='bbox 1456 1619 1583 1659; x_wconf 86' lang='lat' dir='ltr'>super</span> <span class='ocrx_word' id='word_1_143' title='bbox 1629 1605 1780 1646; x_wconf 83' lang='lat' dir='ltr'>eadem</span> 
     </span>
     <span class='ocr_line' id='line_1_19' title="bbox 233 1673 433 1715; baseline 0.005 -1"><span class='ocrx_word' id='word_1_144' title='bbox 233 1687 279 1715; x_wconf 87' lang='lat' dir='ltr'>re</span> <span class='ocrx_word' id='word_1_145' title='bbox 309 1673 390 1715; x_wconf 85' lang='lat' dir='ltr'>ait:</span> <span class='ocrx_word' id='word_1_146' title='bbox 416 1699 433 1704; x_wconf 85' lang='lat'>—</span> 
     </span>
     <span class='ocr_line' id='line_1_20' title="bbox 408 1744 1404 1793; baseline 0 -10"><span class='ocrx_word' id='word_1_147' title='bbox 408 1745 486 1791; x_wconf 75' lang='lat' dir='ltr'>Oui</span> <span class='ocrx_word' id='word_1_148' title='bbox 514 1746 614 1784; x_wconf 81' lang='lat' dir='ltr'>data</span> <span class='ocrx_word' id='word_1_149' title='bbox 642 1746 724 1792; x_wconf 76' lang='lat' dir='ltr'>fide</span> <span class='ocrx_word' id='word_1_150' title='bbox 749 1747 916 1793; x_wconf 78' lang='lat' dir='ltr'>firmata</span> <span class='ocrx_word' id='word_1_151' title='bbox 945 1746 1134 1793; x_wconf 78' lang='lat' dir='ltr'>fidentem</span> <span class='ocrx_word' id='word_1_152' title='bbox 1161 1744 1404 1793; x_wconf 78' lang='lat' dir='ltr'>fefellerint,</span> 
     </span>
    </p>
   </div>
   <div class='ocr_carea' id='block_1_9' title="bbox 407 1812 1673 1931">
    <p class='ocr_par' dir='ltr' id='par_1_9' title="bbox 407 1812 1673 1931">
     <span class='ocr_line' id='line_1_21' title="bbox 407 1812 1486 1863; baseline 0.001 -12"><span class='ocrx_word' id='word_1_153' title='bbox 407 1812 579 1852; x_wconf 80' lang='lat' dir='ltr'>Subdoli</span> <span class='ocrx_word' id='word_1_154' title='bbox 605 1814 920 1861; x_wconf 80' lang='lat' dir='ltr'>subsentatores‚</span> <span class='ocrx_word' id='word_1_155' title='bbox 954 1815 1047 1863; x_wconf 69' lang='lat' dir='ltr'>reyz&#39;</span> <span class='ocrx_word' id='word_1_156' title='bbox 1074 1815 1145 1863; x_wconf 78' lang='lat' dir='ltr'>qui</span> <span class='ocrx_word' id='word_1_157' title='bbox 1171 1818 1264 1852; x_wconf 79' lang='lat' dir='ltr'>sunt</span> <span class='ocrx_word' id='word_1_158' title='bbox 1288 1815 1486 1863; x_wconf 71' lang='lat' dir='ltr'>proximi,</span> 
     </span>
     <span class='ocr_line' id='line_1_22' title="bbox 409 1881 1673 1931; baseline 0 -11"><span class='ocrx_word' id='word_1_159' title='bbox 409 1881 486 1927; x_wconf 69' lang='lat' dir='ltr'>Qua·</span> <span class='ocrx_word' id='word_1_160' title='bbox 514 1883 634 1920; x_wconf 81' lang='lat' dir='ltr'>aliter</span> <span class='ocrx_word' id='word_1_161' title='bbox 663 1884 755 1931; x_wconf 72' lang='lat' dir='ltr'>reyz&#39;</span> <span class='ocrx_word' id='word_1_162' title='bbox 783 1883 899 1921; x_wconf 78' lang='lat' dir='ltr'>diclis</span> <span class='ocrx_word' id='word_1_163' title='bbox 930 1883 1084 1930; x_wconf 74' lang='lat' dir='ltr'>dicunt,</span> <span class='ocrx_word' id='word_1_164' title='bbox 1120 1882 1245 1921; x_wconf 72' lang='lat' dir='ltr'>aliter</span> <span class='ocrx_word' id='word_1_165' title='bbox 1275 1884 1316 1921; x_wconf 78' lang='lat' dir='ltr'>in</span> <span class='ocrx_word' id='word_1_166' title='bbox 1348 1884 1485 1921; x_wconf 72' lang='lat' dir='ltr'>animo</span> <span class='ocrx_word' id='word_1_167' title='bbox 1515 1883 1673 1921; x_wconf 78' lang='lat' dir='ltr'>habent.</span> 
     </span>
    </p>
   </div>
   <div class='ocr_carea' id='block_1_10' title="bbox 234 1956 1779 2137">
    <p class='ocr_par' dir='ltr' id='par_1_10' title="bbox 234 1956 1779 2137">
     <span class='ocr_line' id='line_1_23' title="bbox 349 1956 1778 2015; baseline 0.001 -16"><span class='ocrx_word' id='word_1_168' title='bbox 349 1956 470 1999; x_wconf 84' lang='lat' dir='ltr'>Haec</span> <span class='ocrx_word' id='word_1_169' title='bbox 501 1958 616 2000; x_wconf 91' lang='lat' dir='ltr'>enim</span> <span class='ocrx_word' id='word_1_170' title='bbox 647 1958 749 2000; x_wconf 90' lang='lat' dir='ltr'>olim</span> <span class='ocrx_word' id='word_1_171' title='bbox 786 1959 1056 2001; x_wconf 87' lang='lat' dir='ltr'>incommoda</span> <span class='ocrx_word' id='word_1_172' title='bbox 1087 1958 1262 2014; x_wconf 87' lang='lat' dir='ltr'>regibus</span> <span class='ocrx_word' id='word_1_173' title='bbox 1301 1959 1402 2015; x_wconf 69' lang='lat' dir='ltr'>solis</span> <span class='ocrx_word' id='word_1_174' title='bbox 1434 1959 1526 2000; x_wconf 85' lang='lat' dir='ltr'>fieri</span> <span class='ocrx_word' id='word_1_175' title='bbox 1559 1958 1778 2000; x_wconf 86' lang='lat' dir='ltr'>solebant:</span> 
     </span>
     <span class='ocr_line' id='line_1_24' title="bbox 237 2026 1779 2083; baseline 0.001 -15"><span class='ocrx_word' id='word_1_176' title='bbox 237 2028 281 2068; x_wconf 90' lang='lat' dir='ltr'>at</span> <span class='ocrx_word' id='word_1_177' title='bbox 326 2026 442 2068; x_wconf 88' lang='lat' dir='ltr'>enim</span> <span class='ocrx_word' id='word_1_178' title='bbox 479 2041 596 2069; x_wconf 89' lang='grc'>1111110</span> <span class='ocrx_word' id='word_1_179' title='bbox 634 2027 814 2069; x_wconf 82' lang='lat' dir='ltr'>adfatim</span> <span class='ocrx_word' id='word_1_180' title='bbox 861 2029 982 2081; x_wconf 82' lang='lat' dir='ltr'>sunt,</span> <span class='ocrx_word' id='word_1_181' title='bbox 1033 2027 1105 2082; x_wconf 91' lang='lat' dir='ltr'>qui</span> <span class='ocrx_word' id='word_1_182' title='bbox 1143 2027 1212 2068; x_wconf 71' lang='lat' dir='ltr'>et⁹</span> <span class='ocrx_word' id='word_1_183' title='bbox 1243 2041 1395 2083; x_wconf 82' lang='lat' dir='ltr'>regum</span> <span class='ocrx_word' id='word_1_184' title='bbox 1442 2026 1542 2068; x_wconf 89' lang='lat' dir='ltr'>filiis</span> <span class='ocrx_word' id='word_1_185' title='bbox 1553 2060 1564 2082; x_wconf 67' lang='lat'><em>7</em></span> <span class='ocrx_word' id='word_1_186' title='bbox 1614 2029 1662 2068; x_wconf 88' lang='lat' dir='ltr'>ut</span> <span class='ocrx_word' id='word_1_187' title='bbox 1698 2026 1779 2069; x_wconf 90' lang='lat' dir='ltr'>Ne-</span> 
     </span>
     <span class='ocr_line' id='line_1_25' title="bbox 234 2094 488 2137; baseline 0 -1"><span class='ocrx_word' id='word_1_188' title='bbox 234 2095 372 2137; x_wconf 87' lang='lat' dir='ltr'>vius¹⁰</span> <span class='ocrx_word' id='word_1_189' title='bbox 406 2094 488 2136; x_wconf 88' lang='lat' dir='ltr'>ait:</span> 
     </span>
    </p>
   </div>
   <div class='ocr_carea' id='block_1_11' title="bbox 407 2160 1612 2233">
    <p class='ocr_par' dir='ltr' id='par_1_11' title="bbox 407 2160 1612 2233">
     <span class='ocr_line' id='line_1_26' title="bbox 407 2160 1612 2233; baseline 0.002 -17"><span class='ocrx_word' id='word_1_190' title='bbox 407 2177 579 2233; x_wconf 71' lang='lat' dir='ltr'>Linquis</span> <span class='ocrx_word' id='word_1_191' title='bbox 602 2177 777 2226; x_wconf 79' lang='lat' dir='ltr'>faveant</span> <span class='ocrx_word' id='word_1_192' title='bbox 806 2180 941 2228; x_wconf 79' lang='lat' dir='ltr'>adque</span> <span class='ocrx_word' id='word_1_193' title='bbox 970 2180 1168 2218; x_wconf 77' lang='lat' dir='ltr'>adnutent</span> <span class='ocrx_word' id='word_1_194' title='bbox 1198 2175 1311 2218; x_wconf 79' lang='lat' dir='ltr'>aut¹¹</span> <span class='ocrx_word' id='word_1_195' title='bbox 1344 2160 1612 2218; x_wconf 51' lang='lat' dir='ltr'>subserviant.</span> 
     </span>
    </p>
   </div>
   <div class='ocr_carea' id='block_1_12' title="bbox 235 2291 426 2296">
    <p class='ocr_par' dir='ltr' id='par_1_12' title="bbox 235 2291 426 2296">
     <span class='ocr_line' id='line_1_27' title="bbox 235 2291 426 2296; baseline 0 0"><span class='ocrx_word' id='word_1_196' title='bbox 235 2291 426 2296; x_wconf 95' lang='lat' dir='ltr'> </span> 
     </span>
    </p>
   </div>
   <div class='ocr_carea' id='block_1_13' title="bbox 334 2345 1182 2948">
    <p class='ocr_par' dir='ltr' id='par_1_13' title="bbox 353 2345 760 2392">
     <span class='ocr_line' id='line_1_28' title="bbox 353 2345 760 2392; baseline 0.005 -11"><span class='ocrx_word' id='word_1_197' title='bbox 353 2350 368 2380; x_wconf 87' lang='lat'>1</span> <span class='ocrx_word' id='word_1_198' title='bbox 397 2345 486 2381; x_wconf 86' lang='lat' dir='ltr'>Cod.</span> <span class='ocrx_word' id='word_1_199' title='bbox 513 2357 568 2392; x_wconf 90' lang='lat' dir='ltr'>pr.</span> <span class='ocrx_word' id='word_1_200' title='bbox 595 2358 643 2380; x_wconf 86' lang='lat' dir='ltr'>m.</span> <span class='ocrx_word' id='word_1_201' title='bbox 671 2354 760 2383; x_wconf 87' lang='lat' dir='ltr'>orto.</span> 
     </span>
    </p>

    <p class='ocr_par' dir='ltr' id='par_1_14' title="bbox 351 2400 804 2448">
     <span class='ocr_line' id='line_1_29' title="bbox 351 2400 804 2448; baseline 0.004 -11"><span class='ocrx_word' id='word_1_202' title='bbox 351 2407 371 2437; x_wconf 83' lang='lat'>2</span> <span class='ocrx_word' id='word_1_203' title='bbox 397 2400 486 2438; x_wconf 83' lang='lat' dir='ltr'>Cod.</span> <span class='ocrx_word' id='word_1_204' title='bbox 512 2415 569 2448; x_wconf 88' lang='lat' dir='ltr'>pr.</span> <span class='ocrx_word' id='word_1_205' title='bbox 595 2415 645 2437; x_wconf 89' lang='grc'>111.</span> <span class='ocrx_word' id='word_1_206' title='bbox 673 2407 702 2438; x_wconf 78' lang='lat' dir='ltr'>is</span> <span class='ocrx_word' id='word_1_207' title='bbox 726 2407 804 2440; x_wconf 81' lang='lat' dir='ltr'>iste.</span> 
     </span>
    </p>

    <p class='ocr_par' dir='ltr' id='par_1_15' title="bbox 353 2451 1008 2504">
     <span class='ocr_line' id='line_1_30' title="bbox 353 2451 1008 2504; baseline 0.002 -10"><span class='ocrx_word' id='word_1_208' title='bbox 353 2464 373 2494; x_wconf 83' lang='lat'><strong>3</strong></span> <span class='ocrx_word' id='word_1_209' title='bbox 399 2459 500 2494; x_wconf 79' lang='lat' dir='ltr'>Corr.</span> <span class='ocrx_word' id='word_1_210' title='bbox 527 2459 565 2494; x_wconf 88' lang='lat' dir='ltr'>in</span> <span class='ocrx_word' id='word_1_211' title='bbox 591 2458 742 2495; x_wconf 87' lang='lat' dir='ltr'>Codice:</span> <span class='ocrx_word' id='word_1_212' title='bbox 768 2451 1008 2504; x_wconf 57' lang='lat' dir='ltr'>mayistratzim.</span> 
     </span>
    </p>

    <p class='ocr_par' dir='ltr' id='par_1_16' title="bbox 352 2515 755 2560">
     <span class='ocr_line' id='line_1_31' title="bbox 352 2515 755 2560; baseline 0 -9"><span class='ocrx_word' id='word_1_213' title='bbox 352 2520 373 2550; x_wconf 87' lang='lat'>4</span> <span class='ocrx_word' id='word_1_214' title='bbox 398 2515 487 2551; x_wconf 89' lang='lat' dir='ltr'>Cod.</span> <span class='ocrx_word' id='word_1_215' title='bbox 512 2527 568 2560; x_wconf 80' lang='lat' dir='ltr'>pr.</span> <span class='ocrx_word' id='word_1_216' title='bbox 594 2528 642 2550; x_wconf 91' lang='lat' dir='ltr'>m.</span> <span class='ocrx_word' id='word_1_217' title='bbox 670 2520 755 2552; x_wconf 82' lang='lat' dir='ltr'>dies.</span> 
     </span>
    </p>

    <p class='ocr_par' dir='ltr' id='par_1_17' title="bbox 353 2572 1182 2674">
     <span class='ocr_line' id='line_1_32' title="bbox 353 2572 1182 2619; baseline 0.001 -11"><span class='ocrx_word' id='word_1_218' title='bbox 353 2576 373 2608; x_wconf 87' lang='lat'>5</span> <span class='ocrx_word' id='word_1_219' title='bbox 397 2572 564 2607; x_wconf 81' lang='lat' dir='ltr'>Duorum</span> <span class='ocrx_word' id='word_1_220' title='bbox 587 2583 761 2608; x_wconf 90' lang='lat' dir='ltr'>versuum</span> <span class='ocrx_word' id='word_1_221' title='bbox 786 2574 949 2619; x_wconf 84' lang='lat' dir='ltr'>spatium</span> <span class='ocrx_word' id='word_1_222' title='bbox 973 2574 1012 2609; x_wconf 88' lang='grc'>111</span> <span class='ocrx_word' id='word_1_223' title='bbox 1037 2574 1182 2609; x_wconf 85' lang='lat' dir='ltr'>Codice.</span> 
     </span>
     <span class='ocr_line' id='line_1_33' title="bbox 353 2629 903 2674; baseline 0 -10"><span class='ocrx_word' id='word_1_224' title='bbox 353 2632 373 2664; x_wconf 82' lang='lat'><strong>6</strong></span> <span class='ocrx_word' id='word_1_225' title='bbox 398 2629 540 2664; x_wconf 79' lang='lat' dir='ltr'>Desunt</span> <span class='ocrx_word' id='word_1_226' title='bbox 562 2629 724 2674; x_wconf 84' lang='lat' dir='ltr'>paginae</span> <span class='ocrx_word' id='word_1_227' title='bbox 750 2629 903 2674; x_wconf 85' lang='lat' dir='ltr'>aliquot.</span> 
     </span>
    </p>

    <p class='ocr_par' dir='ltr' id='par_1_18' title="bbox 354 2684 1005 2732">
     <span class='ocr_line' id='line_1_34' title="bbox 354 2684 1005 2732; baseline 0.002 -11"><span class='ocrx_word' id='word_1_228' title='bbox 354 2690 372 2721; x_wconf 82' lang='lat'>7</span> <span class='ocrx_word' id='word_1_229' title='bbox 398 2685 534 2731; x_wconf 86' lang='lat' dir='ltr'>Incipit</span> <span class='ocrx_word' id='word_1_230' title='bbox 559 2684 648 2721; x_wconf 83' lang='lat' dir='ltr'>Cod.</span> <span class='ocrx_word' id='word_1_231' title='bbox 675 2685 845 2720; x_wconf 85' lang='lat' dir='ltr'>Ambros.</span> <span class='ocrx_word' id='word_1_232' title='bbox 871 2699 908 2732; x_wconf 87' lang='lat' dir='ltr'>p.</span> <span class='ocrx_word' id='word_1_233' title='bbox 930 2691 1005 2722; x_wconf 84' lang='lat'>102.</span> 
     </span>
    </p>

    <p class='ocr_par' dir='ltr' id='par_1_19' title="bbox 354 2742 1026 2788">
     <span class='ocr_line' id='line_1_35' title="bbox 354 2742 1026 2788; baseline 0.003 -10"><span class='ocrx_word' id='word_1_234' title='bbox 354 2746 375 2778; x_wconf 84' lang='lat'>8</span> <span class='ocrx_word' id='word_1_235' title='bbox 400 2742 489 2777; x_wconf 87' lang='lat' dir='ltr'>Cod.</span> <span class='ocrx_word' id='word_1_236' title='bbox 515 2755 570 2788; x_wconf 86' lang='lat' dir='ltr'>pr.</span> <span class='ocrx_word' id='word_1_237' title='bbox 598 2754 646 2777; x_wconf 87' lang='lat' dir='ltr'>m.</span> <span class='ocrx_word' id='word_1_238' title='bbox 671 2746 831 2788; x_wconf 74' lang='lat' dir='ltr'>duplatas</span> <span class='ocrx_word' id='word_1_239' title='bbox 856 2748 1026 2788; x_wconf 63' lang='lat' dir='ltr'>egregiae.</span> 
     </span>
    </p>

    <p class='ocr_par' dir='ltr' id='par_1_20' title="bbox 334 2798 1087 2892">
     <span class='ocr_line' id='line_1_36' title="bbox 354 2798 1087 2844; baseline 0.001 -9"><span class='ocrx_word' id='word_1_240' title='bbox 354 2804 374 2835; x_wconf 87' lang='lat'>9</span> <span class='ocrx_word' id='word_1_241' title='bbox 401 2798 488 2835; x_wconf 86' lang='lat' dir='ltr'>Cod.</span> <span class='ocrx_word' id='word_1_242' title='bbox 514 2811 571 2844; x_wconf 87' lang='lat' dir='ltr'>pr.</span> <span class='ocrx_word' id='word_1_243' title='bbox 598 2811 645 2834; x_wconf 83' lang='lat' dir='ltr'>m.</span> <span class='ocrx_word' id='word_1_244' title='bbox 674 2807 706 2834; x_wconf 80' lang='lat' dir='ltr'>et</span> <span class='ocrx_word' id='word_1_245' title='bbox 732 2807 775 2835; x_wconf 81' lang='lat' dir='ltr'>et.</span> <span class='ocrx_word' id='word_1_246' title='bbox 1085 2802 1087 2805; x_wconf 56' lang='lat'><strong>⁴</strong></span> 
     </span>
     <span class='ocr_line' id='line_1_37' title="bbox 334 2855 890 2892; baseline 0.002 -2"><span class='ocrx_word' id='word_1_247' title='bbox 334 2860 376 2892; x_wconf 93' lang='lat'>10</span> <span class='ocrx_word' id='word_1_248' title='bbox 400 2855 539 2891; x_wconf 83' lang='lat' dir='ltr'>Dubito</span> <span class='ocrx_word' id='word_1_249' title='bbox 566 2856 611 2890; x_wconf 88' lang='lat' dir='ltr'>de</span> <span class='ocrx_word' id='word_1_250' title='bbox 635 2856 706 2891; x_wconf 93' lang='lat' dir='ltr'>hoc</span> <span class='ocrx_word' id='word_1_251' title='bbox 731 2856 890 2892; x_wconf 79' lang='lat' dir='ltr'>nomine.</span> 
     </span>
    </p>

    <p class='ocr_par' dir='ltr' id='par_1_21' title="bbox 335 2912 606 2948">
     <span class='ocr_line' id='line_1_38' title="bbox 335 2912 606 2948; baseline 0.004 -1"><span class='ocrx_word' id='word_1_252' title='bbox 335 2917 375 2948; x_wconf 84' lang='lat'>11</span> <span class='ocrx_word' id='word_1_253' title='bbox 400 2912 536 2948; x_wconf 70' lang='lat' dir='ltr'>Maius:</span> <span class='ocrx_word' id='word_1_254' title='bbox 563 2921 606 2948; x_wconf 75' lang='grc' dir='ltr'>ει.</span> 
     </span>
    </p>
   </div>
   <div class='ocr_carea' id='block_1_14' title="bbox 291 2980 1505 3022">
    <p class='ocr_par' dir='ltr' id='par_1_22' title="bbox 291 2980 1505 3022">
     <span class='ocr_line' id='line_1_39' title="bbox 291 2980 1505 3022; baseline 0.003 -4"><span class='ocrx_word' id='word_1_255' title='bbox 291 2994 425 3018; x_wconf 67' lang='lat' dir='ltr'><strong>PRONT.</strong></span> <span class='ocrx_word' id='word_1_256' title='bbox 443 2995 488 3018; x_wconf 82' lang='grc' dir='ltr'>ΕΤ</span> <span class='ocrx_word' id='word_1_257' title='bbox 508 2995 644 3019; x_wconf 81' lang='lat' dir='ltr'>AUREL.</span> <span class='ocrx_word' id='word_1_258' title='bbox 666 2995 784 3021; x_wconf 81' lang='lat' dir='ltr'>EPIST.</span> <span class='ocrx_word' id='word_1_259' title='bbox 1479 2980 1505 3022; x_wconf 77' lang='lat'><strong>3</strong></span> 
     </span>
    </p>
   </div>
  </div>
 </body>
</html>
