1968 3158
227 147 307 189 178
506 145 554 179 M.
575 143 800 179 CORNELII
823 142 1100 178 FRONTONIS
1124 143 1466 180 EPISTULARUM

226 261 335 302 serio
362 259 430 300 vel
460 258 649 312 remisso,
683 271 850 312 semper
870 259 914 299 et
936 257 1093 312 ubique
1115 271 1212 299 eum
1241 272 1390 312 parem
1420 258 1485 299 sui
1514 258 1706 300 invenies
1719 267 1749 300 ⁸.

225 328 398 369 Patrem
435 341 534 368 vero
565 327 654 367 eius
701 325 937 382 egregium,
976 321 1135 380 virum,
1181 325 1266 367 nisi
1303 327 1396 367 tute
1433 340 1602 381 nosses,
1648 327 1752 369 satis

228 397 350 451 {¹ego
387 395 561 436 laudare
600 409 688 436 non
727 408 908 449 possem.
970 393 1083 442 Quin
1122 393 1343 449 aliquanto
1380 394 1521 435 minus
1559 394 1751 450 dixerim,

224 463 397 505 tametsi
442 462 674 517 plurimum
717 461 874 503 dixero.
935 461 1092 502 Prosus
1140 475 1220 517 ego
1265 461 1452 503 Statiani
1495 462 1578 503 mei
1618 461 1755 503 filium

224 531 576 586 qualemcumque
607 530 844 585 diligerem,
877 532 968 571 tam
988 529 1160 572 hercule
1191 544 1319 584 quam
1340 528 1611 572 Faustiniani
1641 529 1755 571 mei²

224 601 391 654 patrem
421 598 772 654 qualemcumque
804 612 949 639 carum
978 597 1194 640 haberem.
1255 597 1384 639 Nunc
1417 612 1512 640 vero
1542 600 1639 639 uter
1667 598 1755 639 utri

224 667 320 722 plus
351 667 465 722 apud
494 681 561 708 me
592 666 759 722 gratiae
791 665 1009 720 conciliet,
1042 667 1216 722 ignor03
1255 666 1340 707 nisi
1379 666 1491 721 quod
1527 668 1755 720 utrumque

223 735 459 790 impensius
491 734 673 776 alterum
704 734 880 776 alterius
910 735 1058 790 gratia
1083 734 1217 789 diligo
1227 734 1263 775 ὓ.

485 904 568 949 vl.
628 904 810 948 Fronto
840 903 1013 948 Avidio
1045 903 1228 948 Cassi0³
1261 901 1494 947 Salutem.

337 1008 488 1050 Iunius
519 1007 759 1049 Maximus4
789 1007 1009 1061 tribunus,
1050 1006 1122 1061 qui
1151 1006 1392 1048 laureatas-‘³
1422 1006 1604 1048 Romam
1635 1007 1755 1048 adtu-

224 1076 276 1119 lit
304 1077 493 1130 litteras,
526 1090 613 1117 non
644 1075 816 1131 publico
846 1077 1018 1117 tantum
1048 1089 1224 1116 munere
1255 1077 1427 1116 strenue
1441 1108 1452 1129 7
1486 1075 1558 1116 sed
1588 1075 1755 1130 privato

226 1142 356 1187 etiam
387 1158 490 1200 erga
519 1146 562 1185 te
593 1144 735 1185 officio
766 1143 900 1185 amice
930 1143 1106 1184 functus
1145 1145 1230 1197 est3
1267 1143 1329 1185 ita
1367 1143 1417 1184 de
1455 1142 1673 1185 laboribus
1713 1145 1756 1184 et

227 1213 415 1255 consiliis
457 1212 544 1253 tuis
586 1214 629 1253 et
668 1212 882 1253 industria
926 1213 970 1253 et
1013 1211 1242 1266 vigilantia
1286 1210 1555 1265 praedicator
1598 1210 1756 1265 ubique

224 1280 596 1336 frequentissimus
627 1279 784 1321 extitit.
845 1278 913 1320 Ad
943 1293 1011 1320 me
1042 1279 1213 1334 quidem
1241 1278 1384 1320 minus
1414 1278 1629 1320 valentem
1660 1293 1756 1320 cum

224 1350 271 1391 in
302 1348 592 1390 suburbanam
621 1347 768 1389 villam
797 1346 1006 1401 venisset,
1046 1361 1282 1401 numquam
1320 1346 1502 1388 cessavit
1534 1346 1581 1387 in
1610 1360 1755 1401 vespe-

225 1432 320 1458 rum
349 1430 482 1471 usque
512 1415 681 1457 fabulas
711 1416 883 1457 nectere
912 1414 1117 1456 itinerum
1146 1416 1316 1456 tuorum
1347 1416 1391 1455 et
1420 1413 1672 1468 disciplinae
1703 1413 1756 1454 ad

224 1485 413 1540 priscum
449 1497 610 1525 morem
640 1483 867 1524 institutae
906 1497 956 1524 ac
995 1484 1213 1536 retentae3
1253 1483 1346 1523 tum
1384 1482 1432 1523 in
1471 1482 1644 1537 agmine
1683 1480 1756 1522 du-

226 1553 360 1595 cendo
391 1554 434 1593 et
462 1566 594 1593 manu
626 1551 889 1593 conserenda
919 1550 1205 1592 strenuissimi
1229 1549 1389 1605 vigoris
1419 1549 1484 1590 tui
1515 1551 1559 1591 et
1589 1548 1755 1591 consul·
1820 1569 1833 1575 ³

223 1621 415 1662 tissimae
453 1619 836 1675 opportunitatis⁶;
886 1633 1059 1674 prorsus
1103 1621 1152 1659 ut
1188 1617 1332 1659 nullus
1369 1617 1491 1659 miles
1528 1616 1756 1658 Plautinus

226 1689 276 1730 de
315 1689 401 1731 suis
438 1702 567 1743 quam
603 1687 675 1729 hic
713 1687 764 1728 de
799 1686 886 1728 tuis
926 1686 1156 1728 virtutibus
1194 1685 1404 1742 gloriose⁷
1442 1685 1755 1740 praedicaretc:

224 1757 309 1798 nisi
340 1756 452 1812 quod
481 1755 660 1797 Plautus
699 1755 749 1796 de
781 1769 856 1797 suo
886 1754 1023 1796 milite
1055 1769 1151 1796 cum
1181 1753 1346 1809 lepore,
1386 1753 1457 1795 hic
1494 1753 1545 1795 de
1581 1755 1624 1795 te
1661 1767 1757 1795 cum

225 1839 368 1866 amore
407 1826 449 1866 et
488 1838 584 1865 cum
623 1838 788 1865 summa
831 1823 929 1880 fide}
944 1823 973 1864 8.
1034 1821 1205 1877 Dignus
1251 1824 1317 1864 est
1360 1836 1487 1877 quem
1524 1821 1679 1876 diligas
1715 1822 1757 1862 et

225 1892 442 1948 suffragiis
472 1892 558 1933 tuis
590 1906 729 1933 ornes.
790 1890 908 1932 Tuae
938 1890 1138 1945 propriae
1168 1889 1331 1946 gloriae
1362 1889 1591 1944 addideris,
1624 1903 1755 1943 quan-

224 1962 317 2002 tum
348 1959 554 2016 dignitati
583 1958 890 2014 praedicatoris
919 1959 983 2000 tui
1015 1957 1315 2000 adstruxeris‘).

340 2163 362 2187 a.
387 2155 431 2187 In
455 2155 622 2195 maryine:
653 2148 807 2197 Semper
831 2171 876 2176 -—-
898 2148 1073 2186 invenies,

338 2209 362 2243 b
388 2211 433 2243 In
456 2212 624 2253 maryine:
653 2208 745 2243 Uter
778 2207 969 2252 utriusque
995 2208 1087 2252 aput
1110 2218 1169 2242 me
1194 2226 1238 2231 —
1261 2206 1450 2252 inpensius
1475 2225 1519 2231 ——
1544 2206 1670 2251 diligo.

340 2276 359 2299 c
384 2267 428 2299 In
452 2268 617 2309 margine:
648 2264 779 2299 Nullus
803 2284 847 2289 —
870 2263 1069 2298 virtutibus
1094 2262 1287 2308 gloriatur.

341 2405 358 2436 1
384 2401 519 2447 Incipit
549 2399 637 2435 Cod.
663 2412 700 2446 p.
726 2405 803 2436 322.

340 2462 361 2493 2
386 2457 474 2493 Cod.
500 2467 699 2503 perperam
723 2457 848 2493 addit:
869 2461 985 2503 filium.

340 2519 360 2548 3
384 2514 429 2548 Ei
453 2513 594 2549 scilicet
618 2513 681 2558 qui
705 2515 838 2559 postea
861 2513 1098 2558 tyrannidem
1123 2512 1291 2559 arripuit.
1341 2515 1469 2550 Maius.

338 2575 359 2605 4
383 2570 442 2605 Ad
458 2570 603 2605 Iunium
618 2570 820 2605 Maximum
845 2570 1056 2606 scribuntur
1080 2570 1175 2606 duae
1198 2569 1307 2605 huius
1322 2569 1409 2605 libri
1431 2570 1593 2605 litterae.
1626 2572 1752 2605 Maius.

340 2631 360 2662 5
386 2626 535 2662 Scilicet
560 2627 605 2662 de
629 2626 786 2662 victoria
809 2626 995 2662 Parthica.
1045 2630 1173 2664 Maius.

340 2686 360 2716 6
385 2682 438 2718 Cf.
465 2682 677 2718 Vulcatium
701 2683 740 2718 in
765 2682 880 2718 Cassii
904 2683 991 2718 vita.
1019 2686 1145 2718 Maius.

340 2743 359 2773 7
384 2739 441 2773 Ita
466 2738 600 2774 Codex.
649 2739 768 2775 Maius
791 2739 886 2784 legit
907 2744 1090 2785 yloriatnr.

339 2797 359 2827 8
383 2794 525 2840 Incipit.
544 2794 631 2830 Cod.
657 2808 693 2841 p.
721 2800 796 2831 321.

339 2854 360 2885 9
385 2850 525 2886 Codex:
556 2856 766 2887 adtraxeris.
