<?xml version="1.0" encoding="UTF-8"?>
<!DOCTYPE html PUBLIC "-//W3C//DTD XHTML 1.0 Transitional//EN"
    "http://www.w3.org/TR/xhtml1/DTD/xhtml1-transitional.dtd">
<html xmlns="http://www.w3.org/1999/xhtml" xml:lang="en" lang="en">
 <head>
  <title>
</title>
<meta http-equiv="Content-Type" content="text/html;charset=utf-8" />
  <meta name='ocr-system' content='tesseract 3.04.00' />
  <meta name='ocr-capabilities' content='ocr_page ocr_carea ocr_par ocr_line ocrx_word'/>
</head>
<body>
  <div class='ocr_page' id='page_1' title='image "./mcorneliifronton00fronuoft_0154.png"; bbox 0 0 1968 3158; ppageno 0'>
   <div class='ocr_carea' id='block_1_1' title="bbox 261 159 1503 206">
    <p class='ocr_par' dir='ltr' id='par_1_1' title="bbox 261 159 1503 206">
     <span class='ocr_line' id='line_1_1' title="bbox 261 159 1503 206; baseline 0.002 -10"><span class='ocrx_word' id='word_1_1' title='bbox 261 165 342 206; x_wconf 87' lang='lat'>114</span> <span class='ocrx_word' id='word_1_2' title='bbox 537 162 586 196; x_wconf 87' lang='lat' dir='ltr'>M.</span> <span class='ocrx_word' id='word_1_3' title='bbox 614 161 839 196; x_wconf 83' lang='lat' dir='ltr'>CORNELII</span> <span class='ocrx_word' id='word_1_4' title='bbox 863 159 1138 197; x_wconf 76' lang='lat' dir='ltr'>FRONToms</span> <span class='ocrx_word' id='word_1_5' title='bbox 1162 160 1503 198; x_wconf 75' lang='lat' dir='ltr'><strong>EPISTULARUM</strong></span> 
     </span>
    </p>
   </div>
   <div class='ocr_carea' id='block_1_2' title="bbox 249 274 1784 2091">
    <p class='ocr_par' dir='ltr' id='par_1_2' title="bbox 252 274 1784 791">
     <span class='ocr_line' id='line_1_2' title="bbox 257 274 1782 330; baseline 0 -12"><span class='ocrx_word' id='word_1_6' title='bbox 257 277 464 330; x_wconf 77' lang='lat' dir='ltr'>Lucilius,</span> <span class='ocrx_word' id='word_1_7' title='bbox 498 275 705 316; x_wconf 84' lang='lat' dir='ltr'><strong>Albucius</strong></span> <span class='ocrx_word' id='word_1_8' title='bbox 737 275 899 329; x_wconf 85' lang='lat' dir='ltr'>aridus,</span> <span class='ocrx_word' id='word_1_9' title='bbox 940 274 1132 316; x_wconf 89' lang='lat' dir='ltr'>sublimis</span> <span class='ocrx_word' id='word_1_10' title='bbox 1163 274 1405 330; x_wconf 88' lang='lat' dir='ltr'>Lucretius,</span> <span class='ocrx_word' id='word_1_11' title='bbox 1452 276 1673 317; x_wconf 84' lang='lat' dir='ltr'>mediocris</span> <span class='ocrx_word' id='word_1_12' title='bbox 1703 275 1782 318; x_wconf 88' lang='lat' dir='ltr'>Pa-</span> 
     </span>
     <span class='ocr_line' id='line_1_3' title="bbox 259 342 1781 398; baseline -0.001 -12"><span class='ocrx_word' id='word_1_13' title='bbox 259 344 445 398; x_wconf 88' lang='lat' dir='ltr'>cubius¹,</span> <span class='ocrx_word' id='word_1_14' title='bbox 478 342 715 397; x_wconf 86' lang='lat' dir='ltr'>inaequalis</span> <span class='ocrx_word' id='word_1_15' title='bbox 747 342 925 397; x_wconf 89' lang='lat' dir='ltr'>Accius,</span> <span class='ocrx_word' id='word_1_16' title='bbox 958 342 1127 383; x_wconf 87' lang='lat' dir='ltr'>Ennius</span> <span class='ocrx_word' id='word_1_17' title='bbox 1157 342 1461 384; x_wconf 78' lang='lat' dir='ltr'>multiformis?</span> <span class='ocrx_word' id='word_1_18' title='bbox 1518 342 1781 385; x_wconf 76' lang='lat' dir='ltr'>Historiam³</span> 
     </span>
     <span class='ocr_line' id='line_1_4' title="bbox 257 409 1782 467; baseline 0 -15"><span class='ocrx_word' id='word_1_19' title='bbox 257 426 420 467; x_wconf 85' lang='lat' dir='ltr'>quoque</span> <span class='ocrx_word' id='word_1_20' title='bbox 452 410 659 452; x_wconf 90' lang='lat' dir='ltr'>scribsere</span> <span class='ocrx_word' id='word_1_21' title='bbox 681 409 908 452; x_wconf 76' lang='lat' dir='ltr'>Sallustius</span> <span class='ocrx_word' id='word_1_22' title='bbox 939 412 1114 463; x_wconf 90' lang='lat' dir='ltr'>structe,</span> <span class='ocrx_word' id='word_1_23' title='bbox 1147 409 1292 451; x_wconf 77' lang='lat' dir='ltr'>Pictor</span> <span class='ocrx_word' id='word_1_24' title='bbox 1316 410 1549 464; x_wconf 85' lang='lat' dir='ltr'>incondite,</span> <span class='ocrx_word' id='word_1_25' title='bbox 1583 409 1782 453; x_wconf 85' lang='lat' dir='ltr'>Claudius</span> 
     </span>
     <span class='ocr_line' id='line_1_5' title="bbox 256 477 1783 534; baseline -0.001 -14"><span class='ocrx_word' id='word_1_26' title='bbox 256 480 414 534; x_wconf 91' lang='lat' dir='ltr'>lepide,</span> <span class='ocrx_word' id='word_1_27' title='bbox 454 478 611 520; x_wconf 89' lang='lat' dir='ltr'>Antias</span> <span class='ocrx_word' id='word_1_28' title='bbox 640 478 889 532; x_wconf 70' lang='lat' dir='ltr'>invenuste,</span> <span class='ocrx_word' id='word_1_29' title='bbox 930 477 1162 520; x_wconf 81' lang='lat' dir='ltr'>Seisenna2</span> <span class='ocrx_word' id='word_1_30' title='bbox 1199 477 1454 533; x_wconf 73' lang='lat' dir='ltr'>longinque,</span> <span class='ocrx_word' id='word_1_31' title='bbox 1497 477 1638 519; x_wconf 91' lang='lat' dir='ltr'>verbis</span> <span class='ocrx_word' id='word_1_32' title='bbox 1677 477 1783 520; x_wconf 88' lang='lat' dir='ltr'>Cato</span> 
     </span>
     <span class='ocr_line' id='line_1_6' title="bbox 255 544 1780 601; baseline -0.001 -13"><span class='ocrx_word' id='word_1_33' title='bbox 255 547 508 601; x_wconf 70' lang='lat' dir='ltr'>multiiugis,</span> <span class='ocrx_word' id='word_1_34' title='bbox 542 545 706 588; x_wconf 85' lang='lat' dir='ltr'>Coelius</span> <span class='ocrx_word' id='word_1_35' title='bbox 734 546 928 601; x_wconf 90' lang='lat' dir='ltr'>singulis.</span> <span class='ocrx_word' id='word_1_36' title='bbox 977 545 1288 588; x_wconf 84' lang='lat' dir='ltr'>Contionaturb</span> <span class='ocrx_word' id='word_1_37' title='bbox 1320 547 1464 587; x_wconf 90' lang='lat' dir='ltr'>autem</span> <span class='ocrx_word' id='word_1_38' title='bbox 1485 544 1590 587; x_wconf 88' lang='lat' dir='ltr'>Cato</span> <span class='ocrx_word' id='word_1_39' title='bbox 1610 544 1780 600; x_wconf 83' lang='lat' dir='ltr'>infeste,</span> 
     </span>
     <span class='ocr_line' id='line_1_7' title="bbox 256 612 1784 668; baseline -0.001 -12"><span class='ocrx_word' id='word_1_40' title='bbox 256 614 475 656; x_wconf 78' lang='lat' dir='ltr'>Gracchus</span> <span class='ocrx_word' id='word_1_41' title='bbox 504 613 766 668; x_wconf 88' lang='lat' dir='ltr'>turbulente,</span> <span class='ocrx_word' id='word_1_42' title='bbox 800 613 964 656; x_wconf 91' lang='lat' dir='ltr'>Tullius</span> <span class='ocrx_word' id='word_1_43' title='bbox 997 614 1176 668; x_wconf 86' lang='lat' dir='ltr'>copiose.</span> <span class='ocrx_word' id='word_1_44' title='bbox 1228 612 1320 654; x_wconf 89' lang='lat' dir='ltr'>Iam</span> <span class='ocrx_word' id='word_1_45' title='bbox 1349 613 1396 654; x_wconf 88' lang='lat' dir='ltr'>in</span> <span class='ocrx_word' id='word_1_46' title='bbox 1425 612 1618 654; x_wconf 83' lang='lat' dir='ltr'>iudiciisc</span> <span class='ocrx_word' id='word_1_47' title='bbox 1648 612 1784 654; x_wconf 86' lang='lat' dir='ltr'>saevit</span> 
     </span>
     <span class='ocr_line' id='line_1_8' title="bbox 254 679 1782 736; baseline -0.001 -13"><span class='ocrx_word' id='word_1_48' title='bbox 254 683 366 724; x_wconf 87' lang='lat' dir='ltr'>idem</span> <span class='ocrx_word' id='word_1_49' title='bbox 396 681 515 736; x_wconf 83' lang='lat' dir='ltr'>Cato,</span> <span class='ocrx_word' id='word_1_50' title='bbox 556 681 794 736; x_wconf 82' lang='lat' dir='ltr'>triumphat</span> <span class='ocrx_word' id='word_1_51' title='bbox 831 681 992 729; x_wconf 78' lang='lat' dir='ltr'>Cicero,</span> <span class='ocrx_word' id='word_1_52' title='bbox 1029 681 1317 723; x_wconf 84' lang='lat' dir='ltr'>tumultuatur</span> <span class='ocrx_word' id='word_1_53' title='bbox 1348 679 1581 734; x_wconf 81' lang='lat' dir='ltr'>Gracchus,</span> <span class='ocrx_word' id='word_1_54' title='bbox 1629 679 1782 722; x_wconf 86' lang='lat' dir='ltr'>Calvus</span> 
     </span>
     <span class='ocr_line' id='line_1_9' title="bbox 252 737 1545 791; baseline 0 0"><span class='ocrx_word' id='word_1_55' title='bbox 252 751 429 791; x_wconf 82' lang='lat' dir='ltr'>rixatur.</span> <span class='ocrx_word' id='word_1_56' title='bbox 1538 737 1545 742; x_wconf 40' lang='lat'>¹</span> 
     </span>
    </p>

    <p class='ocr_par' dir='ltr' id='par_1_3' title="bbox 251 814 1781 1550">
     <span class='ocr_line' id='line_1_10' title="bbox 367 814 1781 872; baseline -0.002 -13"><span class='ocrx_word' id='word_1_57' title='bbox 367 817 450 860; x_wconf 91' lang='lat' dir='ltr'>Sed</span> <span class='ocrx_word' id='word_1_58' title='bbox 476 817 582 859; x_wconf 87' lang='lat' dir='ltr'>haec</span> <span class='ocrx_word' id='word_1_59' title='bbox 614 817 807 872; x_wconf 85' lang='lat' dir='ltr'>exempla</span> <span class='ocrx_word' id='word_1_60' title='bbox 827 817 1010 859; x_wconf 86' lang='lat' dir='ltr'>fortasse</span> <span class='ocrx_word' id='word_1_61' title='bbox 1033 819 1296 869; x_wconf 84' lang='lat' dir='ltr'>contemnas.</span> <span class='ocrx_word' id='word_1_62' title='bbox 1337 816 1480 866; x_wconf 81' lang='lat' dir='ltr'>Quid?</span> <span class='ocrx_word' id='word_1_63' title='bbox 1510 814 1753 871; x_wconf 89' lang='lat' dir='ltr'>philosophi</span> <span class='ocrx_word' id='word_1_64' title='bbox 1763 816 1781 842; x_wconf 82' lang='lat'>‘¹</span> 
     </span>
     <span class='ocr_line' id='line_1_11' title="bbox 253 883 1780 941; baseline -0.002 -14"><span class='ocrx_word' id='word_1_65' title='bbox 253 886 331 941; x_wconf 86' lang='lat' dir='ltr'>ipsi</span> <span class='ocrx_word' id='word_1_66' title='bbox 371 900 516 927; x_wconf 89' lang='lat' dir='ltr'>nonne</span> <span class='ocrx_word' id='word_1_67' title='bbox 547 885 712 928; x_wconf 89' lang='lat' dir='ltr'>diverso</span> <span class='ocrx_word' id='word_1_68' title='bbox 743 899 901 940; x_wconf 86' lang='lat' dir='ltr'>genere</span> <span class='ocrx_word' id='word_1_69' title='bbox 931 885 1136 927; x_wconf 88' lang='lat' dir='ltr'>orationis</span> <span class='ocrx_word' id='word_1_70' title='bbox 1166 885 1230 927; x_wconf 90' lang='lat' dir='ltr'>usi</span> <span class='ocrx_word' id='word_1_71' title='bbox 1262 884 1396 926; x_wconf 80' lang='lat' dir='ltr'>sunt?</span> <span class='ocrx_word' id='word_1_72' title='bbox 1448 883 1588 925; x_wconf 71' lang='grc' dir='ltr'>Ζο11ο3</span> <span class='ocrx_word' id='word_1_73' title='bbox 1620 883 1673 924; x_wconf 88' lang='lat' dir='ltr'>ad</span> <span class='ocrx_word' id='word_1_74' title='bbox 1710 883 1780 925; x_wconf 90' lang='lat' dir='ltr'>do—</span> 
     </span>
     <span class='ocr_line' id='line_1_12' title="bbox 255 951 1778 1008; baseline -0.002 -13"><span class='ocrx_word' id='word_1_75' title='bbox 255 954 435 995; x_wconf 89' lang='lat' dir='ltr'>cendum</span> <span class='ocrx_word' id='word_1_76' title='bbox 464 953 753 1008; x_wconf 88' lang='lat' dir='ltr'>planissimus,</span> <span class='ocrx_word' id='word_1_77' title='bbox 787 952 982 995; x_wconf 83' lang='lat' dir='ltr'>Socrates</span> <span class='ocrx_word' id='word_1_78' title='bbox 1014 953 1067 994; x_wconf 92' lang='lat' dir='ltr'>ad</span> <span class='ocrx_word' id='word_1_79' title='bbox 1089 952 1407 1008; x_wconf 89' lang='lat' dir='ltr'>coarguendum</span> <span class='ocrx_word' id='word_1_80' title='bbox 1429 951 1778 1005; x_wconf 89' lang='lat' dir='ltr'>captiosissimus,</span> 
     </span>
     <span class='ocr_line' id='line_1_13' title="bbox 254 1018 1779 1076; baseline -0.003 -13"><span class='ocrx_word' id='word_1_81' title='bbox 254 1022 469 1076; x_wconf 85' lang='lat' dir='ltr'>Diogenes</span> <span class='ocrx_word' id='word_1_82' title='bbox 508 1021 624 1076; x_wconf 56' lang='lat' dir='ltr'>adl⁴</span> <span class='ocrx_word' id='word_1_83' title='bbox 654 1020 998 1076; x_wconf 89' lang='lat' dir='ltr'>exprobrandum</span> <span class='ocrx_word' id='word_1_84' title='bbox 1026 1020 1394 1075; x_wconf 88' lang='lat' dir='ltr'>promptissimus,</span> <span class='ocrx_word' id='word_1_85' title='bbox 1434 1018 1678 1060; x_wconf 84' lang='lat' dir='ltr'>Heraclitus</span> <span class='ocrx_word' id='word_1_86' title='bbox 1709 1018 1779 1059; x_wconf 94' lang='lat' dir='ltr'>ob-</span> 
     </span>
     <span class='ocr_line' id='line_1_14' title="bbox 253 1085 1780 1143; baseline -0.003 -12"><span class='ocrx_word' id='word_1_87' title='bbox 253 1104 400 1131; x_wconf 89' lang='lat' dir='ltr'>scurus</span> <span class='ocrx_word' id='word_1_88' title='bbox 448 1088 663 1131; x_wconf 88' lang='lat' dir='ltr'>involvere</span> <span class='ocrx_word' id='word_1_89' title='bbox 708 1089 872 1143; x_wconf 90' lang='lat' dir='ltr'>omnia,</span> <span class='ocrx_word' id='word_1_90' title='bbox 925 1087 1199 1143; x_wconf 82' lang='lat' dir='ltr'>Pythagora5</span> <span class='ocrx_word' id='word_1_91' title='bbox 1247 1086 1451 1129; x_wconf 88' lang='lat' dir='ltr'>mirificus</span> <span class='ocrx_word' id='word_1_92' title='bbox 1502 1085 1780 1127; x_wconf 84' lang='lat' dir='ltr'>clandestinis</span> 
     </span>
     <span class='ocr_line' id='line_1_15' title="bbox 252 1153 1780 1212; baseline -0.003 -14"><span class='ocrx_word' id='word_1_93' title='bbox 252 1157 388 1212; x_wconf 87' lang='lat' dir='ltr'>signis</span> <span class='ocrx_word' id='word_1_94' title='bbox 419 1157 586 1199; x_wconf 88' lang='lat' dir='ltr'>sancire</span> <span class='ocrx_word' id='word_1_95' title='bbox 615 1157 778 1211; x_wconf 81' lang='lat' dir='ltr'>omnia,</span> <span class='ocrx_word' id='word_1_96' title='bbox 828 1155 1116 1198; x_wconf 80' lang='lat' dir='ltr'>Clitomachus</span> <span class='ocrx_word' id='word_1_97' title='bbox 1156 1170 1312 1210; x_wconf 87' lang='lat' dir='ltr'>anceps</span> <span class='ocrx_word' id='word_1_98' title='bbox 1349 1155 1396 1196; x_wconf 91' lang='lat' dir='ltr'>in</span> <span class='ocrx_word' id='word_1_99' title='bbox 1427 1153 1602 1203; x_wconf 80' lang='lat' dir='ltr'>dubium</span> <span class='ocrx_word' id='word_1_100' title='bbox 1630 1167 1780 1195; x_wconf 89' lang='lat' dir='ltr'>vocare</span> 
     </span>
     <span class='ocr_line' id='line_1_16' title="bbox 255 1221 1776 1280; baseline -0.003 -14"><span class='ocrx_word' id='word_1_101' title='bbox 255 1225 410 1267; x_wconf 88' lang='lat' dir='ltr'>omnia.</span> <span class='ocrx_word' id='word_1_102' title='bbox 471 1224 685 1274; x_wconf 77' lang='lat' dir='ltr'>Quidnam</span> <span class='ocrx_word' id='word_1_103' title='bbox 714 1224 848 1280; x_wconf 90' lang='lat' dir='ltr'>igitur</span> <span class='ocrx_word' id='word_1_104' title='bbox 887 1226 1067 1280; x_wconf 86' lang='lat' dir='ltr'>agerent</span> <span class='ocrx_word' id='word_1_105' title='bbox 1101 1224 1174 1266; x_wconf 87' lang='lat' dir='ltr'>isti</span> <span class='ocrx_word' id='word_1_106' title='bbox 1211 1223 1295 1278; x_wconf 89' lang='lat' dir='ltr'>ipsi</span> <span class='ocrx_word' id='word_1_107' title='bbox 1340 1221 1646 1276; x_wconf 84' lang='lat' dir='ltr'>sapientissimi</span> <span class='ocrx_word' id='word_1_108' title='bbox 1683 1221 1776 1274; x_wconf 88' lang='lat' dir='ltr'>viri,</span> 
     </span>
     <span class='ocr_line' id='line_1_17' title="bbox 254 1287 1779 1348; baseline -0.003 -14"><span class='ocrx_word' id='word_1_109' title='bbox 254 1293 290 1334; x_wconf 91' lang='lat' dir='ltr'>si</span> <span class='ocrx_word' id='word_1_110' title='bbox 320 1293 371 1334; x_wconf 92' lang='lat' dir='ltr'>de</span> <span class='ocrx_word' id='word_1_111' title='bbox 401 1307 476 1335; x_wconf 92' lang='lat' dir='ltr'>suo</span> <span class='ocrx_word' id='word_1_112' title='bbox 507 1292 683 1348; x_wconf 91' lang='lat' dir='ltr'>quisque</span> <span class='ocrx_word' id='word_1_113' title='bbox 712 1306 828 1334; x_wconf 91' lang='lat' dir='ltr'>more</span> <span class='ocrx_word' id='word_1_114' title='bbox 859 1294 987 1347; x_wconf 90' lang='lat' dir='ltr'>atque</span> <span class='ocrx_word' id='word_1_115' title='bbox 1016 1291 1215 1333; x_wconf 87' lang='lat' dir='ltr'>instituto</span> <span class='ocrx_word' id='word_1_116' title='bbox 1245 1288 1584 1332; x_wconf 82' lang='lat' dir='ltr'>deducerentur?</span> <span class='ocrx_word' id='word_1_117' title='bbox 1633 1287 1779 1331; x_wconf 88' lang='lat' dir='ltr'>Socra-</span> 
     </span>
     <span class='ocr_line' id='line_1_18' title="bbox 251 1352 1778 1416; baseline -0.003 -14"><span class='ocrx_word' id='word_1_118' title='bbox 251 1363 316 1402; x_wconf 89' lang='lat' dir='ltr'>tes</span> <span class='ocrx_word' id='word_1_119' title='bbox 347 1375 401 1402; x_wconf 89' lang='lat' dir='ltr'>ne</span> <span class='ocrx_word' id='word_1_120' title='bbox 434 1362 704 1416; x_wconf 88' lang='lat' dir='ltr'>coargueret,</span> <span class='ocrx_word' id='word_1_121' title='bbox 746 1359 859 1401; x_wconf 87' lang='lat' dir='ltr'>Zeno</span> <span class='ocrx_word' id='word_1_122' title='bbox 890 1374 944 1401; x_wconf 91' lang='lat' dir='ltr'>ne</span> <span class='ocrx_word' id='word_1_123' title='bbox 975 1352 1252 1414; x_wconf 87' lang='lat' dir='ltr'>disceptaret,</span> <span class='ocrx_word' id='word_1_124' title='bbox 1298 1357 1513 1413; x_wconf 89' lang='lat' dir='ltr'>Diogenes</span> <span class='ocrx_word' id='word_1_125' title='bbox 1550 1371 1606 1398; x_wconf 91' lang='lat' dir='ltr'>ne</span> <span class='ocrx_word' id='word_1_126' title='bbox 1644 1357 1778 1398; x_wconf 90' lang='lat' dir='ltr'>incre—</span> 
     </span>
     <span class='ocr_line' id='line_1_19' title="bbox 251 1419 1778 1483; baseline -0.004 -13"><span class='ocrx_word' id='word_1_127' title='bbox 251 1430 396 1483; x_wconf 87' lang='lat' dir='ltr'>paret,</span> <span class='ocrx_word' id='word_1_128' title='bbox 427 1428 586 1483; x_wconf 90' lang='lat' dir='ltr'>nequid</span> <span class='ocrx_word' id='word_1_129' title='bbox 615 1427 863 1483; x_wconf 86' lang='lat' dir='ltr'>Pythagora</span> <span class='ocrx_word' id='word_1_130' title='bbox 894 1428 1101 1481; x_wconf 88' lang='lat' dir='ltr'>sanciret,</span> <span class='ocrx_word' id='word_1_131' title='bbox 1139 1419 1296 1481; x_wconf 90' lang='lat' dir='ltr'>nequid</span> <span class='ocrx_word' id='word_1_132' title='bbox 1325 1424 1571 1466; x_wconf 88' lang='lat' dir='ltr'>Heraclitus</span> <span class='ocrx_word' id='word_1_133' title='bbox 1603 1423 1778 1465; x_wconf 88' lang='lat' dir='ltr'>abscon-</span> 
     </span>
     <span class='ocr_line' id='line_1_20' title="bbox 252 1494 1176 1550; baseline -0.002 -13"><span class='ocrx_word' id='word_1_134' title='bbox 252 1497 383 1550; x_wconf 88' lang='lat' dir='ltr'>deret,</span> <span class='ocrx_word' id='word_1_135' title='bbox 416 1495 575 1550; x_wconf 90' lang='lat' dir='ltr'>nequid</span> <span class='ocrx_word' id='word_1_136' title='bbox 605 1494 895 1537; x_wconf 86' lang='lat' dir='ltr'>Clitomachus</span> <span class='ocrx_word' id='word_1_137' title='bbox 927 1495 1176 1550; x_wconf 87' lang='lat' dir='ltr'>ambigeret.</span> 
     </span>
    </p>

    <p class='ocr_par' dir='ltr' id='par_1_4' title="bbox 249 1559 1778 2091">
     <span class='ocr_line' id='line_1_21' title="bbox 366 1559 1778 1618; baseline -0.004 -13"><span class='ocrx_word' id='word_1_138' title='bbox 366 1562 448 1606; x_wconf 90' lang='lat' dir='ltr'>Sed</span> <span class='ocrx_word' id='word_1_139' title='bbox 476 1577 531 1604; x_wconf 88' lang='lat' dir='ltr'>ne</span> <span class='ocrx_word' id='word_1_140' title='bbox 561 1563 604 1604; x_wconf 88' lang='lat' dir='ltr'>in</span> <span class='ocrx_word' id='word_1_141' title='bbox 637 1563 776 1618; x_wconf 91' lang='lat' dir='ltr'>prima</span> <span class='ocrx_word' id='word_1_142' title='bbox 805 1563 890 1604; x_wconf 89' lang='lat' dir='ltr'>ista</span> <span class='ocrx_word' id='word_1_143' title='bbox 919 1565 1042 1618; x_wconf 84' lang='lat' dir='ltr'>parte</span> <span class='ocrx_word' id='word_1_144' title='bbox 1073 1561 1230 1603; x_wconf 88' lang='lat' dir='ltr'>diutius</span> <span class='ocrx_word' id='word_1_145' title='bbox 1252 1575 1379 1616; x_wconf 89' lang='lat' dir='ltr'>quam</span> <span class='ocrx_word' id='word_1_146' title='bbox 1401 1559 1609 1615; x_wconf 87' lang='lat' dir='ltr'>epistulae</span> <span class='ocrx_word' id='word_1_147' title='bbox 1629 1559 1778 1600; x_wconf 87' lang='lat' dir='ltr'>modus</span> 
     </span>
     <span class='ocr_line' id='line_1_22' title="bbox 251 1626 1778 1686; baseline -0.003 -13"><span class='ocrx_word' id='word_1_148' title='bbox 251 1631 441 1686; x_wconf 90' lang='lat' dir='ltr'>postulat</span> <span class='ocrx_word' id='word_1_149' title='bbox 479 1645 803 1685; x_wconf 86' lang='lat' dir='ltr'>commoremur,</span> <span class='ocrx_word' id='word_1_150' title='bbox 854 1633 1023 1685; x_wconf 86' lang='lat' dir='ltr'>tempus</span> <span class='ocrx_word' id='word_1_151' title='bbox 1063 1631 1127 1671; x_wconf 91' lang='lat' dir='ltr'>est</span> <span class='ocrx_word' id='word_1_152' title='bbox 1163 1629 1214 1670; x_wconf 89' lang='lat' dir='ltr'>de</span> <span class='ocrx_word' id='word_1_153' title='bbox 1251 1628 1432 1670; x_wconf 51' lang='lat' dir='ltr'>vei-bisc*</span> <span class='ocrx_word' id='word_1_154' title='bbox 1454 1628 1640 1683; x_wconf 85' lang='lat' dir='ltr'>primum</span> <span class='ocrx_word' id='word_1_155' title='bbox 1677 1626 1778 1682; x_wconf 88' lang='lat' dir='ltr'>quid</span> 
     </span>
     <span class='ocr_line' id='line_1_23' title="bbox 253 1694 1778 1750; baseline -0.003 -9"><span class='ocrx_word' id='word_1_156' title='bbox 253 1714 424 1741; x_wconf 88' lang='lat' dir='ltr'>censeas</span> <span class='ocrx_word' id='word_1_157' title='bbox 463 1699 742 1741; x_wconf 88' lang='lat' dir='ltr'>considerare.</span> <span class='ocrx_word' id='word_1_158' title='bbox 811 1698 892 1740; x_wconf 91' lang='lat' dir='ltr'>Dic</span> <span class='ocrx_word' id='word_1_159' title='bbox 921 1698 1042 1740; x_wconf 90' lang='lat' dir='ltr'>sodes</span> <span class='ocrx_word' id='word_1_160' title='bbox 1071 1697 1153 1739; x_wconf 92' lang='lat' dir='ltr'>hoc</span> <span class='ocrx_word' id='word_1_161' title='bbox 1178 1696 1306 1750; x_wconf 89' lang='lat' dir='ltr'>mihi,</span> <span class='ocrx_word' id='word_1_162' title='bbox 1346 1698 1567 1750; x_wconf 89' lang='lat' dir='ltr'>utrumne,</span> <span class='ocrx_word' id='word_1_163' title='bbox 1605 1694 1778 1736; x_wconf 88' lang='lat' dir='ltr'>tametsi</span> 
     </span>
     <span class='ocr_line' id='line_1_24' title="bbox 251 1762 1777 1819; baseline -0.003 -11"><span class='ocrx_word' id='word_1_164' title='bbox 251 1768 343 1809; x_wconf 87' lang='lat' dir='ltr'>sine</span> <span class='ocrx_word' id='word_1_165' title='bbox 373 1767 459 1808; x_wconf 92' lang='lat' dir='ltr'>ullo</span> <span class='ocrx_word' id='word_1_166' title='bbox 489 1767 634 1808; x_wconf 90' lang='lat' dir='ltr'>labore</span> <span class='ocrx_word' id='word_1_167' title='bbox 666 1781 715 1808; x_wconf 85' lang='lat' dir='ltr'>ac</span> <span class='ocrx_word' id='word_1_168' title='bbox 746 1766 885 1808; x_wconf 89' lang='lat' dir='ltr'>studio</span> <span class='ocrx_word' id='word_1_169' title='bbox 922 1780 1016 1807; x_wconf 90' lang='lat' dir='ltr'>meo</span> <span class='ocrx_word' id='word_1_170' title='bbox 1054 1765 1183 1807; x_wconf 89' lang='lat' dir='ltr'>verba</span> <span class='ocrx_word' id='word_1_171' title='bbox 1219 1763 1325 1806; x_wconf 90' lang='lat' dir='ltr'>mihi</span> <span class='ocrx_word' id='word_1_172' title='bbox 1364 1763 1629 1819; x_wconf 88' lang='lat' dir='ltr'>elegantiora</span> <span class='ocrx_word' id='word_1_173' title='bbox 1664 1762 1777 1804; x_wconf 85' lang='lat' dir='ltr'>ultro</span> 
     </span>
     <span class='ocr_line' id='line_1_25' title="bbox 250 1830 1776 1889; baseline -0.003 -13"><span class='ocrx_word' id='word_1_174' title='bbox 250 1837 535 1889; x_wconf 89' lang='lat' dir='ltr'>occurrerent,</span> <span class='ocrx_word' id='word_1_175' title='bbox 569 1834 808 1889; x_wconf 89' lang='lat' dir='ltr'>spernenda</span> <span class='ocrx_word' id='word_1_176' title='bbox 841 1848 986 1876; x_wconf 88' lang='lat' dir='ltr'>censes</span> <span class='ocrx_word' id='word_1_177' title='bbox 1019 1848 1068 1875; x_wconf 89' lang='lat' dir='ltr'>ac</span> <span class='ocrx_word' id='word_1_178' title='bbox 1088 1831 1384 1887; x_wconf 80' lang='lat' dir='ltr'>repudianda?</span> <span class='ocrx_word' id='word_1_179' title='bbox 1423 1831 1496 1872; x_wconf 92' lang='lat' dir='ltr'>An</span> <span class='ocrx_word' id='word_1_180' title='bbox 1517 1846 1613 1873; x_wconf 92' lang='lat' dir='ltr'>cum</span> <span class='ocrx_word' id='word_1_181' title='bbox 1633 1830 1776 1871; x_wconf 88' lang='lat' dir='ltr'>labore</span> 
     </span>
     <span class='ocr_line' id='line_1_26' title="bbox 251 1898 1776 1957; baseline -0.003 -14"><span class='ocrx_word' id='word_1_182' title='bbox 251 1902 419 1957; x_wconf 89' lang='lat' dir='ltr'>quidem</span> <span class='ocrx_word' id='word_1_183' title='bbox 450 1904 493 1943; x_wconf 90' lang='lat' dir='ltr'>et</span> <span class='ocrx_word' id='word_1_184' title='bbox 523 1902 662 1943; x_wconf 87' lang='lat' dir='ltr'>studio</span> <span class='ocrx_word' id='word_1_185' title='bbox 692 1902 954 1957; x_wconf 88' lang='lat' dir='ltr'>investigare</span> <span class='ocrx_word' id='word_1_186' title='bbox 984 1901 1114 1943; x_wconf 88' lang='lat' dir='ltr'>verba</span> <span class='ocrx_word' id='word_1_187' title='bbox 1135 1900 1351 1956; x_wconf 88' lang='lat' dir='ltr'>elegantia</span> <span class='ocrx_word' id='word_1_188' title='bbox 1377 1898 1596 1954; x_wconf 90' lang='lat' dir='ltr'>prohibes,</span> <span class='ocrx_word' id='word_1_189' title='bbox 1624 1898 1776 1939; x_wconf 66' lang='lat' dir='ltr'>‘eadem</span> 
     </span>
     <span class='ocr_line' id='line_1_27' title="bbox 250 1965 1777 2024; baseline -0.003 -14"><span class='ocrx_word' id='word_1_190' title='bbox 250 1984 370 2023; x_wconf 91' lang='lat' dir='ltr'>vero,</span> <span class='ocrx_word' id='word_1_191' title='bbox 412 1969 444 2010; x_wconf 91' lang='lat' dir='ltr'>si</span> <span class='ocrx_word' id='word_1_192' title='bbox 484 1969 618 2024; x_wconf 91' lang='lat' dir='ltr'>ultro,</span> <span class='ocrx_word' id='word_1_193' title='bbox 659 1969 695 2010; x_wconf 90' lang='lat' dir='ltr'>si</span> <span class='ocrx_word' id='word_1_194' title='bbox 731 1969 897 2011; x_wconf 88' lang='lat' dir='ltr'>iniussu</span> <span class='ocrx_word' id='word_1_195' title='bbox 935 1970 1062 2023; x_wconf 90' lang='lat' dir='ltr'>atque</span> <span class='ocrx_word' id='word_1_196' title='bbox 1099 1969 1302 2010; x_wconf 89' lang='lat' dir='ltr'>invocatu</span> <span class='ocrx_word' id='word_1_197' title='bbox 1338 1980 1432 2008; x_wconf 91' lang='lat' dir='ltr'>meo</span> <span class='ocrx_word' id='word_1_198' title='bbox 1470 1965 1688 2019; x_wconf 89' lang='lat' dir='ltr'>venerint,</span> <span class='ocrx_word' id='word_1_199' title='bbox 1727 1968 1777 2006; x_wconf 91' lang='lat' dir='ltr'>ut</span> 
     </span>
     <span class='ocr_line' id='line_1_28' title="bbox 249 2033 1775 2091; baseline -0.003 -13"><span class='ocrx_word' id='word_1_200' title='bbox 249 2036 517 2078; x_wconf 81' lang='lat' dir='ltr'>Menelaums</span> <span class='ocrx_word' id='word_1_201' title='bbox 552 2036 605 2077; x_wconf 87' lang='lat' dir='ltr'>ad</span> <span class='ocrx_word' id='word_1_202' title='bbox 635 2036 820 2091; x_wconf 54' lang='lat' dir='ltr'>epulass’,</span> <span class='ocrx_word' id='word_1_203' title='bbox 854 2036 1024 2091; x_wconf 90' lang='lat' dir='ltr'>quidem</span> <span class='ocrx_word' id='word_1_204' title='bbox 1044 2035 1177 2090; x_wconf 91' lang='lat' dir='ltr'>recipi</span> <span class='ocrx_word' id='word_1_205' title='bbox 1206 2034 1358 2077; x_wconf 80' lang='lat' dir='ltr'>iubes?</span> <span class='ocrx_word' id='word_1_206' title='bbox 1400 2033 1512 2075; x_wconf 89' lang='lat' dir='ltr'>Nam</span> <span class='ocrx_word' id='word_1_207' title='bbox 1541 2033 1656 2075; x_wconf 86' lang='lat' dir='ltr'>istud</span> <span class='ocrx_word' id='word_1_208' title='bbox 1686 2033 1775 2087; x_wconf 91' lang='lat' dir='ltr'>qui-</span> 
     </span>
    </p>
   </div>
   <div class='ocr_carea' id='block_1_3' title="bbox 362 2169 1769 2498">
    <p class='ocr_par' dir='ltr' id='par_1_5' title="bbox 362 2169 1343 2216">
     <span class='ocr_line' id='line_1_29' title="bbox 362 2169 1343 2216; baseline -0.002 -10"><span class='ocrx_word' id='word_1_209' title='bbox 362 2183 385 2207; x_wconf 88' lang='lat' dir='ltr'>a</span> <span class='ocrx_word' id='word_1_210' title='bbox 409 2175 453 2206; x_wconf 80' lang='lat' dir='ltr'>In</span> <span class='ocrx_word' id='word_1_211' title='bbox 476 2177 642 2215; x_wconf 61' lang='lat' dir='ltr'>maraine:</span> <span class='ocrx_word' id='word_1_212' title='bbox 669 2170 764 2213; x_wconf 83' lang='lat' dir='ltr'>Quid</span> <span class='ocrx_word' id='word_1_213' title='bbox 787 2170 954 2206; x_wconf 84' lang='lat' dir='ltr'>historici</span> <span class='ocrx_word' id='word_1_214' title='bbox 975 2170 1169 2216; x_wconf 87' lang='lat' dir='ltr'>proprium</span> <span class='ocrx_word' id='word_1_215' title='bbox 1191 2169 1343 2205; x_wconf 83' lang='lat' dir='ltr'>habent.</span> 
     </span>
    </p>

    <p class='ocr_par' dir='ltr' id='par_1_6' title="bbox 362 2226 1240 2272">
     <span class='ocr_line' id='line_1_30' title="bbox 362 2226 1240 2272; baseline -0.003 -9"><span class='ocrx_word' id='word_1_216' title='bbox 362 2229 386 2263; x_wconf 91' lang='lat' dir='ltr'>b</span> <span class='ocrx_word' id='word_1_217' title='bbox 412 2231 456 2263; x_wconf 88' lang='lat' dir='ltr'>In</span> <span class='ocrx_word' id='word_1_218' title='bbox 480 2232 645 2272; x_wconf 64' lang='lat' dir='ltr'>margine:</span> <span class='ocrx_word' id='word_1_219' title='bbox 670 2228 725 2262; x_wconf 91' lang='lat' dir='ltr'>De</span> <span class='ocrx_word' id='word_1_220' title='bbox 751 2227 1044 2263; x_wconf 83' lang='lat' dir='ltr'>contionantium</span> <span class='ocrx_word' id='word_1_221' title='bbox 1067 2226 1240 2272; x_wconf 90' lang='lat' dir='ltr'>propriis.</span> 
     </span>
    </p>

    <p class='ocr_par' dir='ltr' id='par_1_7' title="bbox 362 2279 1601 2329">
     <span class='ocr_line' id='line_1_31' title="bbox 362 2279 1601 2329; baseline -0.003 -10"><span class='ocrx_word' id='word_1_222' title='bbox 362 2296 381 2318; x_wconf 88' lang='lat' dir='ltr'>c</span> <span class='ocrx_word' id='word_1_223' title='bbox 412 2287 454 2319; x_wconf 86' lang='lat' dir='ltr'>In</span> <span class='ocrx_word' id='word_1_224' title='bbox 479 2288 644 2329; x_wconf 64' lang='lat' dir='ltr'>mar-gine:</span> <span class='ocrx_word' id='word_1_225' title='bbox 671 2282 772 2326; x_wconf 88' lang='lat' dir='ltr'>Quae</span> <span class='ocrx_word' id='word_1_226' title='bbox 796 2283 835 2318; x_wconf 87' lang='lat' dir='ltr'>in</span> <span class='ocrx_word' id='word_1_227' title='bbox 860 2282 1077 2328; x_wconf 85' lang='lat' dir='ltr'>[causidicis]</span> <span class='ocrx_word' id='word_1_228' title='bbox 1103 2282 1256 2327; x_wconf 87' lang='lat' dir='ltr'>singulis</span> <span class='ocrx_word' id='word_1_229' title='bbox 1279 2281 1415 2317; x_wconf 87' lang='lat' dir='ltr'>fuerint</span> <span class='ocrx_word' id='word_1_230' title='bbox 1438 2279 1601 2327; x_wconf 87' lang='lat' dir='ltr'>propria.</span> 
     </span>
    </p>

    <p class='ocr_par' dir='ltr' id='par_1_8' title="bbox 362 2337 1727 2440">
     <span class='ocr_line' id='line_1_32' title="bbox 362 2337 1727 2386; baseline -0.001 -12"><span class='ocrx_word' id='word_1_231' title='bbox 362 2341 386 2374; x_wconf 92' lang='lat' dir='ltr'>d</span> <span class='ocrx_word' id='word_1_232' title='bbox 415 2343 454 2375; x_wconf 84' lang='lat' dir='ltr'>In</span> <span class='ocrx_word' id='word_1_233' title='bbox 480 2345 645 2386; x_wconf 64' lang='lat' dir='ltr'>margine:</span> <span class='ocrx_word' id='word_1_234' title='bbox 670 2340 718 2374; x_wconf 85' lang='lat' dir='ltr'>Et</span> <span class='ocrx_word' id='word_1_235' title='bbox 740 2339 952 2385; x_wconf 87' lang='lat' dir='ltr'>philosophi</span> <span class='ocrx_word' id='word_1_236' title='bbox 978 2338 1121 2374; x_wconf 84' lang='lat' dir='ltr'>diverso</span> <span class='ocrx_word' id='word_1_237' title='bbox 1147 2349 1283 2383; x_wconf 86' lang='lat' dir='ltr'>genere</span> <span class='ocrx_word' id='word_1_238' title='bbox 1309 2339 1420 2382; x_wconf 88' lang='lat' dir='ltr'>atque</span> <span class='ocrx_word' id='word_1_239' title='bbox 1446 2337 1613 2372; x_wconf 89' lang='lat' dir='ltr'>oratione</span> <span class='ocrx_word' id='word_1_240' title='bbox 1638 2337 1702 2373; x_wconf 85' lang='lat' dir='ltr'>usi.</span> <span class='ocrx_word' id='word_1_241' title='bbox 1719 2373 1727 2384; x_wconf 59' lang='grc'><strong>,</strong></span> 
     </span>
     <span class='ocr_line' id='line_1_33' title="bbox 362 2395 1003 2440; baseline -0.003 -8"><span class='ocrx_word' id='word_1_242' title='bbox 362 2409 380 2432; x_wconf 95' lang='lat' dir='ltr'>e</span> <span class='ocrx_word' id='word_1_243' title='bbox 411 2400 453 2432; x_wconf 88' lang='lat' dir='ltr'>In</span> <span class='ocrx_word' id='word_1_244' title='bbox 478 2401 644 2440; x_wconf 63' lang='lat' dir='ltr'>margine:</span> <span class='ocrx_word' id='word_1_245' title='bbox 669 2396 775 2431; x_wconf 90' lang='lat' dir='ltr'>Nunc</span> <span class='ocrx_word' id='word_1_246' title='bbox 800 2396 845 2431; x_wconf 87' lang='lat' dir='ltr'>de</span> <span class='ocrx_word' id='word_1_247' title='bbox 869 2395 1003 2431; x_wconf 88' lang='lat' dir='ltr'>verbis.</span> 
     </span>
    </p>

    <p class='ocr_par' dir='ltr' id='par_1_9' title="bbox 363 2450 1769 2498">
     <span class='ocr_line' id='line_1_34' title="bbox 363 2450 1769 2498; baseline -0.002 -11"><span class='ocrx_word' id='word_1_248' title='bbox 363 2455 380 2488; x_wconf 91' lang='lat' dir='ltr'>f</span> <span class='ocrx_word' id='word_1_249' title='bbox 410 2456 452 2487; x_wconf 84' lang='lat' dir='ltr'>In</span> <span class='ocrx_word' id='word_1_250' title='bbox 477 2457 643 2498; x_wconf 64' lang='lat' dir='ltr'>margine:</span> <span class='ocrx_word' id='word_1_251' title='bbox 669 2452 857 2488; x_wconf 86' lang='lat' dir='ltr'>Menelaus</span> <span class='ocrx_word' id='word_1_252' title='bbox 880 2452 1074 2488; x_wconf 87' lang='lat' dir='ltr'>invocatus</span> <span class='ocrx_word' id='word_1_253' title='bbox 1099 2452 1147 2488; x_wconf 89' lang='lat' dir='ltr'>ad</span> <span class='ocrx_word' id='word_1_254' title='bbox 1172 2451 1298 2497; x_wconf 87' lang='lat' dir='ltr'>epulas</span> <span class='ocrx_word' id='word_1_255' title='bbox 1322 2450 1424 2486; x_wconf 85' lang='lat' dir='ltr'>venit</span> <span class='ocrx_word' id='word_1_256' title='bbox 1449 2451 1486 2484; x_wconf 87' lang='lat' dir='ltr'>et</span> <span class='ocrx_word' id='word_1_257' title='bbox 1510 2451 1679 2496; x_wconf 88' lang='lat' dir='ltr'>receptus</span> <span class='ocrx_word' id='word_1_258' title='bbox 1703 2451 1769 2484; x_wconf 87' lang='lat' dir='ltr'>est.</span> 
     </span>
    </p>
   </div>
   <div class='ocr_carea' id='block_1_4' title="bbox 358 2578 1768 2908">
    <p class='ocr_par' dir='ltr' id='par_1_10' title="bbox 364 2578 870 2613">
     <span class='ocr_line' id='line_1_35' title="bbox 364 2578 870 2613; baseline -0.002 0"><span class='ocrx_word' id='word_1_259' title='bbox 364 2583 377 2613; x_wconf 86' lang='lat'>1</span> <span class='ocrx_word' id='word_1_260' title='bbox 407 2578 493 2613; x_wconf 89' lang='lat' dir='ltr'>Cod.</span> <span class='ocrx_word' id='word_1_261' title='bbox 521 2588 590 2612; x_wconf 90' lang='lat' dir='ltr'>sec.</span> <span class='ocrx_word' id='word_1_262' title='bbox 618 2590 664 2612; x_wconf 90' lang='lat' dir='ltr'>m.</span> <span class='ocrx_word' id='word_1_263' title='bbox 692 2580 870 2613; x_wconf 75' lang='lat' dir='ltr'>Pacuvius.</span> 
     </span>
    </p>

    <p class='ocr_par' dir='ltr' id='par_1_11' title="bbox 359 2634 850 2669">
     <span class='ocr_line' id='line_1_36' title="bbox 359 2634 850 2669; baseline -0.004 0"><span class='ocrx_word' id='word_1_264' title='bbox 359 2639 379 2669; x_wconf 76' lang='lat'>‘2</span> <span class='ocrx_word' id='word_1_265' title='bbox 406 2634 492 2669; x_wconf 88' lang='lat' dir='ltr'>Cod.</span> <span class='ocrx_word' id='word_1_266' title='bbox 521 2645 591 2669; x_wconf 83' lang='lat' dir='ltr'>See.</span> <span class='ocrx_word' id='word_1_267' title='bbox 617 2646 664 2669; x_wconf 90' lang='lat' dir='ltr'>m.</span> <span class='ocrx_word' id='word_1_268' title='bbox 693 2636 850 2669; x_wconf 80' lang='lat' dir='ltr'>Sisenna.</span> 
     </span>
    </p>

    <p class='ocr_par' dir='ltr' id='par_1_12' title="bbox 361 2690 934 2731">
     <span class='ocr_line' id='line_1_37' title="bbox 361 2690 934 2731; baseline -0.002 -5"><span class='ocrx_word' id='word_1_269' title='bbox 361 2696 380 2726; x_wconf 88' lang='lat'><strong>3</strong></span> <span class='ocrx_word' id='word_1_270' title='bbox 406 2690 545 2725; x_wconf 84' lang='lat' dir='ltr'>Codex:</span> <span class='ocrx_word' id='word_1_271' title='bbox 573 2693 682 2731; x_wconf 85' lang='lat' dir='ltr'>Xeno,</span> <span class='ocrx_word' id='word_1_272' title='bbox 707 2690 805 2725; x_wconf 86' lang='lat' dir='ltr'>infra</span> <span class='ocrx_word' id='word_1_273' title='bbox 830 2693 934 2726; x_wconf 90' lang='lat' dir='ltr'>Zeno.</span> 
     </span>
    </p>

    <p class='ocr_par' dir='ltr' id='par_1_13' title="bbox 358 2746 874 2792">
     <span class='ocr_line' id='line_1_38' title="bbox 358 2746 874 2792; baseline 0 -11"><span class='ocrx_word' id='word_1_274' title='bbox 358 2751 380 2781; x_wconf 76' lang='lat'>4</span> <span class='ocrx_word' id='word_1_275' title='bbox 404 2746 538 2792; x_wconf 84' lang='lat' dir='ltr'>Incipit</span> <span class='ocrx_word' id='word_1_276' title='bbox 562 2746 650 2782; x_wconf 90' lang='lat' dir='ltr'>Cod.</span> <span class='ocrx_word' id='word_1_277' title='bbox 675 2746 760 2782; x_wconf 84' lang='lat' dir='ltr'>Vat.</span> <span class='ocrx_word' id='word_1_278' title='bbox 787 2758 823 2792; x_wconf 91' lang='lat' dir='ltr'>p.</span> <span class='ocrx_word' id='word_1_279' title='bbox 843 2750 874 2781; x_wconf 88' lang='lat'>4.</span> 
     </span>
    </p>

    <p class='ocr_par' dir='ltr' id='par_1_14' title="bbox 360 2802 925 2841">
     <span class='ocr_line' id='line_1_39' title="bbox 360 2802 925 2841; baseline 0 -4"><span class='ocrx_word' id='word_1_280' title='bbox 360 2807 380 2837; x_wconf 86' lang='lat'>5</span> <span class='ocrx_word' id='word_1_281' title='bbox 404 2803 462 2838; x_wconf 88' lang='lat' dir='ltr'>Ita</span> <span class='ocrx_word' id='word_1_282' title='bbox 486 2802 618 2838; x_wconf 86' lang='lat' dir='ltr'>Codex.</span> <span class='ocrx_word' id='word_1_283' title='bbox 923 2839 925 2841; x_wconf 66' lang='grc'>,</span> 
     </span>
    </p>

    <p class='ocr_par' dir='ltr' id='par_1_15' title="bbox 359 2857 1768 2908">
     <span class='ocr_line' id='line_1_40' title="bbox 359 2857 1768 2908; baseline 0 -16"><span class='ocrx_word' id='word_1_284' title='bbox 359 2863 378 2891; x_wconf 84' lang='grc'>6</span> <span class='ocrx_word' id='word_1_285' title='bbox 404 2859 444 2892; x_wconf 80' lang='lat' dir='ltr'>In</span> <span class='ocrx_word' id='word_1_286' title='bbox 476 2858 609 2893; x_wconf 87' lang='lat' dir='ltr'>Codice</span> <span class='ocrx_word' id='word_1_287' title='bbox 646 2859 827 2903; x_wconf 88' lang='lat' dir='ltr'>repetitur</span> <span class='ocrx_word' id='word_1_288' title='bbox 862 2863 1024 2894; x_wconf 75' lang='lat' dir='ltr'>venerint.</span> <span class='ocrx_word' id='word_1_289' title='bbox 1089 2858 1278 2893; x_wconf 87' lang='lat' dir='ltr'>Librarius</span> <span class='ocrx_word' id='word_1_290' title='bbox 1314 2857 1442 2908; x_wconf 33' lang='lat' dir='ltr'>priore·</span> <span class='ocrx_word' id='word_1_291' title='bbox 1473 2857 1555 2892; x_wconf 89' lang='lat' dir='ltr'>loco</span> <span class='ocrx_word' id='word_1_292' title='bbox 1592 2857 1768 2892; x_wconf 83' lang='lat' dir='ltr'>delevisse</span> 
     </span>
    </p>
   </div>
  </div>
 </body>
</html>
