<?xml version="1.0" encoding="UTF-8"?>
<!DOCTYPE html PUBLIC "-//W3C//DTD XHTML 1.0 Transitional//EN"
    "http://www.w3.org/TR/xhtml1/DTD/xhtml1-transitional.dtd">
<html xmlns="http://www.w3.org/1999/xhtml" xml:lang="en" lang="en">
 <head>
  <title>
</title>
<meta http-equiv="Content-Type" content="text/html;charset=utf-8" />
  <meta name='ocr-system' content='tesseract 3.04.00' />
  <meta name='ocr-capabilities' content='ocr_page ocr_carea ocr_par ocr_line ocrx_word'/>
</head>
<body>
  <div class='ocr_page' id='page_1' title='image "./mcorneliifronton00fronuoft_0302.png"; bbox 0 0 1968 3158; ppageno 0'>
   <div class='ocr_carea' id='block_1_1' title="bbox 234 152 1295 206">
    <p class='ocr_par' dir='ltr' id='par_1_1' title="bbox 234 152 1295 206">
     <span class='ocr_line' id='line_1_1' title="bbox 234 152 1295 206; baseline -0.013 0"><span class='ocrx_word' id='word_1_1' title='bbox 234 165 317 206; x_wconf 79' lang='grc'>262</span> <span class='ocrx_word' id='word_1_2' title='bbox 703 161 750 195; x_wconf 91' lang='lat' dir='ltr'>M.</span> <span class='ocrx_word' id='word_1_3' title='bbox 771 152 996 196; x_wconf 77' lang='lat' dir='ltr'>CORNELII</span> <span class='ocrx_word' id='word_1_4' title='bbox 1021 159 1295 194; x_wconf 79' lang='lat' dir='ltr'><strong>FRONTONIS</strong></span> 
     </span>
    </p>
   </div>
   <div class='ocr_carea' id='block_1_2' title="bbox 234 272 1758 597">
    <p class='ocr_par' dir='ltr' id='par_1_2' title="bbox 234 272 1755 396">
     <span class='ocr_line' id='line_1_2' title="bbox 234 272 1755 328; baseline -0.003 -10"><span class='ocrx_word' id='word_1_5' title='bbox 234 276 309 319; x_wconf 88' lang='lat' dir='ltr'>IV.</span> <span class='ocrx_word' id='word_1_6' title='bbox 350 276 457 317; x_wconf 85' lang='lat' dir='ltr'>lbid.</span> <span class='ocrx_word' id='word_1_7' title='bbox 491 275 546 316; x_wconf 84' lang='grc' dir='ltr'>ΙΙ.</span> <span class='ocrx_word' id='word_1_8' title='bbox 579 289 620 328; x_wconf 83' lang='lat' dir='ltr'>p.</span> <span class='ocrx_word' id='word_1_9' title='bbox 643 275 740 328; x_wconf 77' lang='lat'>223,</span> <span class='ocrx_word' id='word_1_10' title='bbox 773 274 827 315; x_wconf 82' lang='lat'>26</span> <span class='ocrx_word' id='word_1_11' title='bbox 858 273 987 314; x_wconf 84' lang='lat' dir='ltr'>Keilii</span> <span class='ocrx_word' id='word_1_12' title='bbox 1019 272 1079 328; x_wconf 84' lang='lat' dir='ltr'>(p.</span> <span class='ocrx_word' id='word_1_13' title='bbox 1107 272 1200 326; x_wconf 83' lang='lat'>198,</span> <span class='ocrx_word' id='word_1_14' title='bbox 1233 273 1259 314; x_wconf 87' lang='grc'>6</span> <span class='ocrx_word' id='word_1_15' title='bbox 1289 272 1486 327; x_wconf 78' lang='lat' dir='ltr'>Putsch.3</span> <span class='ocrx_word' id='word_1_16' title='bbox 1516 274 1563 314; x_wconf 90' lang='lat' dir='ltr'>L.</span> <span class='ocrx_word' id='word_1_17' title='bbox 1594 273 1651 328; x_wconf 81' lang='grc' dir='ltr'>Π,</span> <span class='ocrx_word' id='word_1_18' title='bbox 1673 273 1755 315; x_wconf 80' lang='grc'>257</span> 
     </span>
     <span class='ocr_line' id='line_1_3' title="bbox 884 340 1111 396; baseline -0.004 -14"><span class='ocrx_word' id='word_1_19' title='bbox 884 340 1111 396; x_wconf 63' lang='grc' dir='ltr'><strong>Εἰι1ἂθη1.)ζ</strong></span> 
     </span>
    </p>

    <p class='ocr_par' dir='ltr' id='par_1_3' title="bbox 347 407 1757 466">
     <span class='ocr_line' id='line_1_4' title="bbox 347 407 1757 466; baseline -0.001 -15"><span class='ocrx_word' id='word_1_20' title='bbox 347 409 406 451; x_wconf 71' lang='lat' dir='ltr'>Et</span> <span class='ocrx_word' id='word_1_21' title='bbox 436 408 659 450; x_wconf 78' lang='lat' dir='ltr'>Aurelius¹</span> <span class='ocrx_word' id='word_1_22' title='bbox 693 408 849 451; x_wconf 76' lang='lat' dir='ltr'>Caesar</span> <span class='ocrx_word' id='word_1_23' title='bbox 880 409 932 449; x_wconf 72' lang='lat' dir='ltr'>ad</span> <span class='ocrx_word' id='word_1_24' title='bbox 962 408 1223 450; x_wconf 85' lang='lat' dir='ltr'>Frontonem</span> <span class='ocrx_word' id='word_1_25' title='bbox 1251 407 1294 449; x_wconf 93' lang='lat' dir='ltr'>II</span> <span class='ocrx_word' id='word_1_26' title='bbox 1327 407 1432 466; x_wconf 84' lang='lat'>[10]:</span> <span class='ocrx_word' id='word_1_27' title='bbox 1465 422 1632 461; x_wconf 80' lang='lat' dir='ltr'>vespera</span> <span class='ocrx_word' id='word_1_28' title='bbox 1657 412 1757 459; x_wconf 76' lang='lat' dir='ltr'>fati-</span> 
     </span>
    </p>

    <p class='ocr_par' dir='ltr' id='par_1_4' title="bbox 234 475 1758 597">
     <span class='ocr_line' id='line_1_5' title="bbox 234 475 1758 530; baseline -0.001 -11"><span class='ocrx_word' id='word_1_29' title='bbox 234 485 372 530; x_wconf 70' lang='lat' dir='ltr'>qaeus,</span> <span class='ocrx_word' id='word_1_30' title='bbox 413 482 502 519; x_wconf 83' lang='lat' dir='ltr'>luce</span> <span class='ocrx_word' id='word_1_31' title='bbox 538 481 782 524; x_wconf 75' lang='lat' dir='ltr'>dormitans;</span> <span class='ocrx_word' id='word_1_32' title='bbox 827 475 987 518; x_wconf 83' lang='lat' dir='ltr'>Fronto</span> <span class='ocrx_word' id='word_1_33' title='bbox 1028 490 1124 518; x_wconf 89' lang='lat' dir='ltr'>vero</span> <span class='ocrx_word' id='word_1_34' title='bbox 1162 476 1215 517; x_wconf 81' lang='lat' dir='ltr'>ad</span> <span class='ocrx_word' id='word_1_35' title='bbox 1255 475 1551 518; x_wconf 77' lang='lat' dir='ltr'>Antoninum²</span> <span class='ocrx_word' id='word_1_36' title='bbox 1588 475 1758 530; x_wconf 84' lang='lat' dir='ltr'>quinto:</span> 
     </span>
     <span class='ocr_line' id='line_1_6' title="bbox 236 540 1093 597; baseline -0.001 -10"><span class='ocrx_word' id='word_1_37' title='bbox 236 555 277 588; x_wconf 71' lang='grc' dir='ltr'>ιιι</span> <span class='ocrx_word' id='word_1_38' title='bbox 307 550 411 587; x_wconf 76' lang='lat' dir='ltr'>enim</span> <span class='ocrx_word' id='word_1_39' title='bbox 442 550 598 597; x_wconf 71' lang='lat' dir='ltr'>vespere·</span> <span class='ocrx_word' id='word_1_40' title='bbox 625 549 666 587; x_wconf 76' lang='lat' dir='ltr'>in</span> <span class='ocrx_word' id='word_1_41' title='bbox 696 540 872 587; x_wconf 47' lang='lat' dir='ltr'>&amp;iduum</span> <span class='ocrx_word' id='word_1_42' title='bbox 902 549 1054 587; x_wconf 71' lang='lat' dir='ltr'><em>mittam</em></span> <span class='ocrx_word' id='word_1_43' title='bbox 1065 544 1093 585; x_wconf 85' lang='lat'>3.</span> 
     </span>
    </p>
   </div>
   <div class='ocr_carea' id='block_1_3' title="bbox 806 634 1188 678">
    <p class='ocr_par' dir='ltr' id='par_1_5' title="bbox 806 634 1188 678">
     <span class='ocr_line' id='line_1_7' title="bbox 806 634 1188 678; baseline 0.003 -2"><span class='ocrx_word' id='word_1_44' title='bbox 806 634 860 676; x_wconf 91' lang='lat' dir='ltr'>V.</span> <span class='ocrx_word' id='word_1_45' title='bbox 922 634 959 676; x_wconf 85' lang='grc' dir='ltr'><strong>Ε</strong></span> <span class='ocrx_word' id='word_1_46' title='bbox 1000 635 1188 678; x_wconf 76' lang='lat' dir='ltr'>Rufino,</span> 
     </span>
    </p>
   </div>
   <div class='ocr_carea' id='block_1_4' title="bbox 239 713 1762 973">
    <p class='ocr_par' dir='ltr' id='par_1_6' title="bbox 239 713 1762 973">
     <span class='ocr_line' id='line_1_8' title="bbox 350 713 1762 769; baseline 0 -13"><span class='ocrx_word' id='word_1_47' title='bbox 350 715 414 756; x_wconf 91' lang='lat' dir='ltr'>De</span> <span class='ocrx_word' id='word_1_48' title='bbox 448 713 594 769; x_wconf 81' lang='lat' dir='ltr'>Comp.</span> <span class='ocrx_word' id='word_1_49' title='bbox 634 716 677 756; x_wconf 91' lang='lat' dir='ltr'>et</span> <span class='ocrx_word' id='word_1_50' title='bbox 705 714 755 755; x_wconf 87' lang='lat' dir='ltr'>de</span> <span class='ocrx_word' id='word_1_51' title='bbox 785 715 908 755; x_wconf 87' lang='lat' dir='ltr'>metr.</span> <span class='ocrx_word' id='word_1_52' title='bbox 951 715 1057 755; x_wconf 82' lang='lat' dir='ltr'>orat.</span> <span class='ocrx_word' id='word_1_53' title='bbox 1099 713 1162 755; x_wconf 91' lang='lat' dir='ltr'>ed.</span> <span class='ocrx_word' id='word_1_54' title='bbox 1202 713 1360 755; x_wconf 45' lang='lat' dir='ltr'>Halm„</span> <span class='ocrx_word' id='word_1_55' title='bbox 1378 729 1420 768; x_wconf 85' lang='lat' dir='ltr'>p.</span> <span class='ocrx_word' id='word_1_56' title='bbox 1449 714 1534 756; x_wconf 81' lang='lat'>580</span> <span class='ocrx_word' id='word_1_57' title='bbox 1563 714 1669 756; x_wconf 83' lang='lat' dir='ltr'>haec</span> <span class='ocrx_word' id='word_1_58' title='bbox 1700 729 1762 756; x_wconf 90' lang='lat' dir='ltr'>re-</span> 
     </span>
     <span class='ocr_line' id='line_1_9' title="bbox 239 781 1762 825; baseline 0 -1"><span class='ocrx_word' id='word_1_59' title='bbox 239 783 345 825; x_wconf 75' lang='lat' dir='ltr'>citat</span> <span class='ocrx_word' id='word_1_60' title='bbox 375 799 396 824; x_wconf 86' lang='lat' dir='ltr'>e</span> <span class='ocrx_word' id='word_1_61' title='bbox 429 781 644 824; x_wconf 80' lang='lat' dir='ltr'>Charisio:</span> <span class='ocrx_word' id='word_1_62' title='bbox 676 781 962 823; x_wconf 76' lang='lat' dir='ltr'>Bacchiacum</span> <span class='ocrx_word' id='word_1_63' title='bbox 992 784 1175 824; x_wconf 84' lang='lat' dir='ltr'>metrum</span> <span class='ocrx_word' id='word_1_64' title='bbox 1206 784 1270 824; x_wconf 84' lang='lat' dir='ltr'>est</span> <span class='ocrx_word' id='word_1_65' title='bbox 1299 782 1406 824; x_wconf 79' lang='lat' dir='ltr'>tale:</span> <span class='ocrx_word' id='word_1_66' title='bbox 1451 786 1652 825; x_wconf 73' lang='lat' dir='ltr'><em>baechare</em></span> <span class='ocrx_word' id='word_1_67' title='bbox 1680 787 1762 824; x_wconf 83' lang='lat' dir='ltr'>lae-</span> 
     </span>
     <span class='ocr_line' id='line_1_10' title="bbox 243 849 1762 902; baseline 0.001 -11"><span class='ocrx_word' id='word_1_68' title='bbox 243 860 333 892; x_wconf 78' lang='lat' dir='ltr'>tare</span> <span class='ocrx_word' id='word_1_69' title='bbox 378 857 592 902; x_wconf 79' lang='lat' dir='ltr'><em>praesente</em></span> <span class='ocrx_word' id='word_1_70' title='bbox 634 854 851 892; x_wconf 80' lang='lat' dir='ltr'><em>Frontone.</em></span> <span class='ocrx_word' id='word_1_71' title='bbox 912 849 1070 891; x_wconf 81' lang='lat' dir='ltr'>Locum</span> <span class='ocrx_word' id='word_1_72' title='bbox 1115 850 1230 892; x_wconf 86' lang='lat' dir='ltr'>hunc</span> <span class='ocrx_word' id='word_1_73' title='bbox 1275 850 1504 892; x_wconf 80' lang='lat' dir='ltr'>desiderari</span> <span class='ocrx_word' id='word_1_74' title='bbox 1547 851 1594 892; x_wconf 87' lang='lat' dir='ltr'>in</span> <span class='ocrx_word' id='word_1_75' title='bbox 1639 850 1762 892; x_wconf 70' lang='lat' dir='ltr'>editis</span> 
     </span>
     <span class='ocr_line' id='line_1_11' title="bbox 239 917 1675 973; baseline -0.001 -12"><span class='ocrx_word' id='word_1_76' title='bbox 239 918 423 962; x_wconf 72' lang='lat' dir='ltr'>Charisii</span> <span class='ocrx_word' id='word_1_77' title='bbox 455 918 768 972; x_wconf 82' lang='lat' dir='ltr'>exemplaribus</span> <span class='ocrx_word' id='word_1_78' title='bbox 799 918 886 959; x_wconf 83' lang='lat' dir='ltr'>iam</span> <span class='ocrx_word' id='word_1_79' title='bbox 915 919 1082 959; x_wconf 91' lang='lat' dir='ltr'>monuit</span> <span class='ocrx_word' id='word_1_80' title='bbox 1111 917 1462 973; x_wconf 79' lang='lat' dir='ltr'>Capperonerius.</span> <span class='ocrx_word' id='word_1_81' title='bbox 1527 922 1675 960; x_wconf 78' lang='lat' dir='ltr'>Maius.</span> 
     </span>
    </p>
   </div>
   <div class='ocr_carea' id='block_1_5' title="bbox 713 1007 1371 1063">
    <p class='ocr_par' dir='ltr' id='par_1_7' title="bbox 713 1007 1371 1063">
     <span class='ocr_line' id='line_1_12' title="bbox 713 1007 1371 1063; baseline 0.003 -2"><span class='ocrx_word' id='word_1_82' title='bbox 713 1019 789 1061; x_wconf 83' lang='lat' dir='ltr'>VI.</span> <span class='ocrx_word' id='word_1_83' title='bbox 832 1019 908 1063; x_wconf 78' lang='lat' dir='ltr'>Ex</span> <span class='ocrx_word' id='word_1_84' title='bbox 933 1019 988 1062; x_wconf 90' lang='lat' dir='ltr'>P.</span> <span class='ocrx_word' id='word_1_85' title='bbox 1021 1020 1288 1063; x_wconf 76' lang='lat' dir='ltr'>consentio.</span> <span class='ocrx_word' id='word_1_86' title='bbox 1360 1007 1371 1014; x_wconf 69' lang='lat'><em>⁴</em></span> 
     </span>
    </p>
   </div>
   <div class='ocr_carea' id='block_1_6' title="bbox 241 1099 1761 1291">
    <p class='ocr_par' dir='ltr' id='par_1_8' title="bbox 241 1099 1761 1291">
     <span class='ocr_line' id='line_1_13' title="bbox 496 1099 1503 1154; baseline 0 -14"><span class='ocrx_word' id='word_1_87' title='bbox 496 1099 617 1141; x_wconf 83' lang='lat' dir='ltr'>Artis</span> <span class='ocrx_word' id='word_1_88' title='bbox 657 1099 974 1141; x_wconf 78' lang='lat' dir='ltr'>Grammaticae</span> <span class='ocrx_word' id='word_1_89' title='bbox 1011 1114 1053 1154; x_wconf 90' lang='lat' dir='ltr'>p.</span> <span class='ocrx_word' id='word_1_90' title='bbox 1085 1099 1211 1154; x_wconf 80' lang='lat'>2031,</span> <span class='ocrx_word' id='word_1_91' title='bbox 1248 1099 1298 1140; x_wconf 90' lang='grc'>16</span> <span class='ocrx_word' id='word_1_92' title='bbox 1328 1099 1503 1141; x_wconf 83' lang='lat' dir='ltr'>Putsch.</span> 
     </span>
     <span class='ocr_line' id='line_1_14' title="bbox 351 1167 1761 1210; baseline 0 -1"><span class='ocrx_word' id='word_1_93' title='bbox 351 1168 461 1209; x_wconf 88' lang='lat' dir='ltr'>Item</span> <span class='ocrx_word' id='word_1_94' title='bbox 499 1167 658 1209; x_wconf 90' lang='lat' dir='ltr'>Fronto</span> <span class='ocrx_word' id='word_1_95' title='bbox 698 1167 778 1209; x_wconf 84' lang='lat' dir='ltr'>ait:</span> <span class='ocrx_word' id='word_1_96' title='bbox 830 1170 883 1209; x_wconf 82' lang='lat' dir='ltr'>Ec</span> <span class='ocrx_word' id='word_1_97' title='bbox 912 1172 1005 1209; x_wconf 69' lang='lat' dir='ltr'>illae</span> <span class='ocrx_word' id='word_1_98' title='bbox 1042 1175 1198 1210; x_wconf 83' lang='lat' dir='ltr'>vestrae</span> <span class='ocrx_word' id='word_1_99' title='bbox 1227 1171 1410 1209; x_wconf 71' lang='lat' dir='ltr'>Athenae</span> <span class='ocrx_word' id='word_1_100' title='bbox 1447 1171 1761 1210; x_wconf 79' lang='lat' dir='ltr'>Doroeorthoro.</span> 
     </span>
     <span class='ocr_line' id='line_1_15' title="bbox 241 1234 1510 1291; baseline 0 -14"><span class='ocrx_word' id='word_1_101' title='bbox 241 1236 436 1291; x_wconf 81' lang='lat' dir='ltr'>Apparet</span> <span class='ocrx_word' id='word_1_102' title='bbox 466 1235 732 1276; x_wconf 82' lang='lat' dir='ltr'>nominativo</span> <span class='ocrx_word' id='word_1_103' title='bbox 764 1249 863 1276; x_wconf 82' lang='lat' dir='ltr'>casu</span> <span class='ocrx_word' id='word_1_104' title='bbox 892 1234 1082 1288; x_wconf 81' lang='lat' dir='ltr'>posuisse</span> <span class='ocrx_word' id='word_1_105' title='bbox 1112 1239 1427 1278; x_wconf 76' lang='lat' dir='ltr'>Doroeortlzoro.</span> <span class='ocrx_word' id='word_1_106' title='bbox 1504 1250 1510 1257; x_wconf 83' lang='lat'><em>&#39;</em></span> 
     </span>
    </p>
   </div>
   <div class='ocr_carea' id='block_1_7' title="bbox 783 1335 1221 1380">
    <p class='ocr_par' dir='ltr' id='par_1_9' title="bbox 783 1335 1221 1380">
     <span class='ocr_line' id='line_1_16' title="bbox 783 1335 1221 1380; baseline 0.005 -3"><span class='ocrx_word' id='word_1_107' title='bbox 783 1336 881 1378; x_wconf 81' lang='lat' dir='ltr'>Vll.</span> <span class='ocrx_word' id='word_1_108' title='bbox 928 1336 1003 1379; x_wconf 85' lang='lat' dir='ltr'>Ex</span> <span class='ocrx_word' id='word_1_109' title='bbox 1036 1335 1221 1380; x_wconf 86' lang='lat' dir='ltr'>Servio.</span> 
     </span>
    </p>
   </div>
   <div class='ocr_carea' id='block_1_8' title="bbox 240 1415 1820 1730">
    <p class='ocr_par' dir='ltr' id='par_1_10' title="bbox 240 1415 1820 1730">
     <span class='ocr_line' id='line_1_17' title="bbox 353 1415 1763 1473; baseline 0.002 -16"><span class='ocrx_word' id='word_1_110' title='bbox 353 1417 422 1458; x_wconf 87' lang='lat' dir='ltr'>Ad</span> <span class='ocrx_word' id='word_1_111' title='bbox 461 1416 571 1457; x_wconf 87' lang='lat' dir='ltr'>Aen.</span> <span class='ocrx_word' id='word_1_112' title='bbox 611 1416 645 1457; x_wconf 86' lang='lat' dir='ltr'>I.</span> <span class='ocrx_word' id='word_1_113' title='bbox 684 1416 789 1458; x_wconf 82' lang='lat'>409:</span> <span class='ocrx_word' id='word_1_114' title='bbox 848 1415 957 1458; x_wconf 77' lang='lat' dir='ltr'>Sunt</span> <span class='ocrx_word' id='word_1_115' title='bbox 1001 1416 1160 1458; x_wconf 83' lang='lat' dir='ltr'>multae</span> <span class='ocrx_word' id='word_1_116' title='bbox 1205 1418 1448 1472; x_wconf 78' lang='lat' dir='ltr'>reciprocae</span> <span class='ocrx_word' id='word_1_117' title='bbox 1489 1418 1763 1473; x_wconf 73' lang='lat' dir='ltr'>elocutiones,</span> 
     </span>
     <span class='ocr_line' id='line_1_18' title="bbox 240 1483 1820 1540; baseline 0.001 -13"><span class='ocrx_word' id='word_1_118' title='bbox 240 1487 288 1527; x_wconf 88' lang='lat' dir='ltr'>ut</span> <span class='ocrx_word' id='word_1_119' title='bbox 332 1484 413 1526; x_wconf 87' lang='lat' dir='ltr'>hoc</span> <span class='ocrx_word' id='word_1_120' title='bbox 460 1483 571 1525; x_wconf 89' lang='lat' dir='ltr'>loco:</span> <span class='ocrx_word' id='word_1_121' title='bbox 634 1485 736 1525; x_wconf 83' lang='lat' dir='ltr'>sunt</span> <span class='ocrx_word' id='word_1_122' title='bbox 779 1483 938 1525; x_wconf 87' lang='lat' dir='ltr'>multae</span> <span class='ocrx_word' id='word_1_123' title='bbox 983 1484 1109 1525; x_wconf 82' lang='lat' dir='ltr'>unius</span> <span class='ocrx_word' id='word_1_124' title='bbox 1157 1484 1292 1539; x_wconf 79' lang='lat' dir='ltr'>partis</span> <span class='ocrx_word' id='word_1_125' title='bbox 1337 1485 1505 1540; x_wconf 88' lang='lat' dir='ltr'>utrique</span> <span class='ocrx_word' id='word_1_126' title='bbox 1552 1486 1765 1528; x_wconf 81' lang='lat' dir='ltr'>sufficien-</span> <span class='ocrx_word' id='word_1_127' title='bbox 1815 1486 1820 1490; x_wconf 74' lang='grc'>’</span> 
     </span>
     <span class='ocr_line' id='line_1_19' title="bbox 240 1551 1765 1606; baseline 0.001 -11"><span class='ocrx_word' id='word_1_128' title='bbox 240 1555 328 1606; x_wconf 74' lang='lat' dir='ltr'>tes,</span> <span class='ocrx_word' id='word_1_129' title='bbox 368 1554 416 1593; x_wconf 85' lang='lat' dir='ltr'>ut</span> <span class='ocrx_word' id='word_1_130' title='bbox 455 1558 636 1593; x_wconf 79' lang='lat' dir='ltr'>tenemur</span> <span class='ocrx_word' id='word_1_131' title='bbox 676 1555 886 1594; x_wconf 75' lang='lat' dir='ltr'>amicitiis:</span> <span class='ocrx_word' id='word_1_132' title='bbox 930 1551 1157 1593; x_wconf 86' lang='lat' dir='ltr'>ridiculum</span> <span class='ocrx_word' id='word_1_133' title='bbox 1195 1552 1307 1594; x_wconf 88' lang='lat' dir='ltr'>enim</span> <span class='ocrx_word' id='word_1_134' title='bbox 1347 1555 1411 1594; x_wconf 81' lang='lat' dir='ltr'>est</span> <span class='ocrx_word' id='word_1_135' title='bbox 1450 1553 1486 1594; x_wconf 84' lang='lat' dir='ltr'>si</span> <span class='ocrx_word' id='word_1_136' title='bbox 1517 1554 1646 1596; x_wconf 79' lang='lat' dir='ltr'>addas</span> <span class='ocrx_word' id='word_1_137' title='bbox 1676 1569 1765 1596; x_wconf 89' lang='lat' dir='ltr'>mu-</span> 
     </span>
     <span class='ocr_line' id='line_1_20' title="bbox 241 1618 1765 1681; baseline 0.001 -19"><span class='ocrx_word' id='word_1_138' title='bbox 241 1621 348 1675; x_wconf 79' lang='lat' dir='ltr'>tuis,</span> <span class='ocrx_word' id='word_1_139' title='bbox 391 1634 487 1662; x_wconf 89' lang='lat' dir='ltr'>cum</span> <span class='ocrx_word' id='word_1_140' title='bbox 525 1618 763 1661; x_wconf 75' lang='lat' dir='ltr'>amicitiae4</span> <span class='ocrx_word' id='word_1_141' title='bbox 780 1621 1028 1681; x_wconf 29' lang='lat' dir='ltr'>Autrumque</span> <span class='ocrx_word' id='word_1_142' title='bbox 1067 1620 1334 1675; x_wconf 80' lang='lat' dir='ltr'>significent,</span> <span class='ocrx_word' id='word_1_143' title='bbox 1375 1621 1486 1663; x_wconf 85' lang='lat' dir='ltr'>sicut</span> <span class='ocrx_word' id='word_1_144' title='bbox 1515 1621 1675 1663; x_wconf 77' lang='lat' dir='ltr'>Fronto</span> <span class='ocrx_word' id='word_1_145' title='bbox 1704 1623 1765 1663; x_wconf 90' lang='lat' dir='ltr'>te-</span> 
     </span>
     <span class='ocr_line' id='line_1_21' title="bbox 240 1690 390 1730; baseline -0.007 0"><span class='ocrx_word' id='word_1_146' title='bbox 240 1690 390 1730; x_wconf 77' lang='lat' dir='ltr'>statur.</span> 
     </span>
    </p>
   </div>
   <div class='ocr_carea' id='block_1_9' title="bbox 241 1766 1766 1946">
    <p class='ocr_par' dir='ltr' id='par_1_11' title="bbox 241 1766 1766 1946">
     <span class='ocr_line' id='line_1_22' title="bbox 353 1766 1766 1812; baseline 0.001 -2"><span class='ocrx_word' id='word_1_147' title='bbox 353 1766 474 1810; x_wconf 82' lang='lat' dir='ltr'><strong>VIII.</strong></span> <span class='ocrx_word' id='word_1_148' title='bbox 523 1766 585 1808; x_wconf 91' lang='lat' dir='ltr'>Id.</span> <span class='ocrx_word' id='word_1_149' title='bbox 619 1767 673 1808; x_wconf 81' lang='lat' dir='ltr'>ad</span> <span class='ocrx_word' id='word_1_150' title='bbox 703 1767 813 1808; x_wconf 90' lang='lat' dir='ltr'>Aen.</span> <span class='ocrx_word' id='word_1_151' title='bbox 847 1766 944 1809; x_wconf 91' lang='lat' dir='ltr'>VIl.</span> <span class='ocrx_word' id='word_1_152' title='bbox 977 1767 1052 1809; x_wconf 82' lang='lat'>30:</span> <span class='ocrx_word' id='word_1_153' title='bbox 1082 1771 1202 1810; x_wconf 81' lang='lat' dir='ltr'>Hune</span> <span class='ocrx_word' id='word_1_154' title='bbox 1231 1773 1347 1810; x_wconf 77' lang='lat' dir='ltr'>inter.</span> <span class='ocrx_word' id='word_1_155' title='bbox 1407 1768 1490 1810; x_wconf 92' lang='lat' dir='ltr'>Per</span> <span class='ocrx_word' id='word_1_156' title='bbox 1518 1769 1646 1812; x_wconf 85' lang='lat' dir='ltr'>hunc.</span> <span class='ocrx_word' id='word_1_157' title='bbox 1689 1769 1766 1811; x_wconf 87' lang='lat' dir='ltr'>Te-</span> 
     </span>
     <span class='ocr_line' id='line_1_23' title="bbox 241 1834 1766 1891; baseline 0.003 -14"><span class='ocrx_word' id='word_1_158' title='bbox 241 1835 404 1877; x_wconf 87' lang='lat' dir='ltr'>rentius</span> <span class='ocrx_word' id='word_1_159' title='bbox 444 1834 573 1889; x_wconf 89' lang='lat' dir='ltr'>(Eun.</span> <span class='ocrx_word' id='word_1_160' title='bbox 606 1834 681 1876; x_wconf 87' lang='lat' dir='ltr'>IV.</span> <span class='ocrx_word' id='word_1_161' title='bbox 718 1836 782 1876; x_wconf 91' lang='lat'>11.</span> <span class='ocrx_word' id='word_1_162' title='bbox 819 1835 882 1891; x_wconf 84' lang='lat'>1):</span> <span class='ocrx_word' id='word_1_163' title='bbox 932 1838 1037 1877; x_wconf 85' lang='lat' dir='ltr'>Dum</span> <span class='ocrx_word' id='word_1_164' title='bbox 1067 1850 1138 1878; x_wconf 84' lang='lat' dir='ltr'>rus</span> <span class='ocrx_word' id='word_1_165' title='bbox 1166 1850 1234 1886; x_wconf 85' lang='lat' dir='ltr'>eo,</span> <span class='ocrx_word' id='word_1_166' title='bbox 1276 1841 1393 1889; x_wconf 76' lang='lat' dir='ltr'>coepi</span> <span class='ocrx_word' id='word_1_167' title='bbox 1428 1845 1580 1889; x_wconf 70' lang='lat' dir='ltr'>eqomet</span> <span class='ocrx_word' id='word_1_168' title='bbox 1616 1852 1766 1881; x_wconf 83' lang='lat' dir='ltr'>mecum</span> 
     </span>
     <span class='ocr_line' id='line_1_24' title="bbox 242 1902 1461 1946; baseline 0 0"><span class='ocrx_word' id='word_1_169' title='bbox 242 1909 347 1946; x_wconf 71' lang='lat' dir='ltr'>inter</span> <span class='ocrx_word' id='word_1_170' title='bbox 378 1908 477 1946; x_wconf 78' lang='lat' dir='ltr'>vias.</span> <span class='ocrx_word' id='word_1_171' title='bbox 538 1902 619 1944; x_wconf 83' lang='lat' dir='ltr'>Est</span> <span class='ocrx_word' id='word_1_172' title='bbox 651 1905 791 1944; x_wconf 84' lang='lat' dir='ltr'>autem</span> <span class='ocrx_word' id='word_1_173' title='bbox 827 1903 975 1945; x_wconf 84' lang='lat' dir='ltr'>crebra</span> <span class='ocrx_word' id='word_1_174' title='bbox 1005 1903 1235 1945; x_wconf 72' lang='lat' dir='ltr'>Frontonis</span> <span class='ocrx_word' id='word_1_175' title='bbox 1266 1904 1461 1946; x_wconf 84' lang='lat' dir='ltr'>elocutio.</span> 
     </span>
    </p>
   </div>
   <div class='ocr_carea' id='block_1_10' title="bbox 243 1993 1767 2182">
    <p class='ocr_par' dir='ltr' id='par_1_12' title="bbox 243 1993 1767 2182">
     <span class='ocr_line' id='line_1_25' title="bbox 355 1993 1766 2039; baseline 0.002 -4"><span class='ocrx_word' id='word_1_176' title='bbox 355 1994 431 2035; x_wconf 89' lang='lat' dir='ltr'>IX.</span> <span class='ocrx_word' id='word_1_177' title='bbox 492 1993 554 2034; x_wconf 89' lang='lat' dir='ltr'>Id.</span> <span class='ocrx_word' id='word_1_178' title='bbox 589 1994 641 2034; x_wconf 86' lang='lat' dir='ltr'>ad</span> <span class='ocrx_word' id='word_1_179' title='bbox 672 1995 781 2035; x_wconf 87' lang='lat' dir='ltr'>Aen.</span> <span class='ocrx_word' id='word_1_180' title='bbox 810 1993 907 2035; x_wconf 88' lang='lat' dir='ltr'><strong>VII.</strong></span> <span class='ocrx_word' id='word_1_181' title='bbox 938 1994 1045 2036; x_wconf 86' lang='lat'>445:</span> <span class='ocrx_word' id='word_1_182' title='bbox 1096 1997 1267 2036; x_wconf 71' lang='lat' dir='ltr'>Exarsit</span> <span class='ocrx_word' id='word_1_183' title='bbox 1295 1998 1347 2036; x_wconf 79' lang='lat' dir='ltr'>in·</span> <span class='ocrx_word' id='word_1_184' title='bbox 1368 2000 1467 2038; x_wconf 72' lang='lat' dir='ltr'>iras.</span> <span class='ocrx_word' id='word_1_185' title='bbox 1520 1996 1766 2039; x_wconf 82' lang='lat' dir='ltr'>Communis</span> 
     </span>
     <span class='ocr_line' id='line_1_26' title="bbox 243 2061 1767 2117; baseline 0.003 -15"><span class='ocrx_word' id='word_1_186' title='bbox 243 2076 380 2103; x_wconf 69' lang='lat' dir='ltr'>sermo</span> <span class='ocrx_word' id='word_1_187' title='bbox 410 2061 560 2102; x_wconf 88' lang='lat' dir='ltr'>habet:</span> <span class='ocrx_word' id='word_1_188' title='bbox 599 2065 724 2103; x_wconf 81' lang='lat' dir='ltr'>ardeo</span> <span class='ocrx_word' id='word_1_189' title='bbox 756 2065 827 2102; x_wconf 73' lang='lat' dir='ltr'>illa</span> <span class='ocrx_word' id='word_1_190' title='bbox 857 2075 922 2111; x_wconf 86' lang='lat' dir='ltr'>re,</span> <span class='ocrx_word' id='word_1_191' title='bbox 957 2062 1030 2103; x_wconf 82' lang='lat' dir='ltr'>sed</span> <span class='ocrx_word' id='word_1_192' title='bbox 1060 2062 1285 2117; x_wconf 84' lang='lat' dir='ltr'>figuratius</span> <span class='ocrx_word' id='word_1_193' title='bbox 1316 2068 1442 2106; x_wconf 83' lang='lat' dir='ltr'>ardeo</span> <span class='ocrx_word' id='word_1_194' title='bbox 1472 2069 1513 2107; x_wconf 76' lang='lat' dir='ltr'>in</span> <span class='ocrx_word' id='word_1_195' title='bbox 1543 2069 1654 2106; x_wconf 72' lang='lat' dir='ltr'>illam</span> <span class='ocrx_word' id='word_1_196' title='bbox 1683 2080 1767 2107; x_wconf 85' lang='lat' dir='ltr'>rem</span> 
     </span>
     <span class='ocr_line' id='line_1_27' title="bbox 244 2128 1290 2182; baseline 0.001 -12"><span class='ocrx_word' id='word_1_197' title='bbox 244 2129 422 2171; x_wconf 82' lang='lat' dir='ltr'>dicimus</span> <span class='ocrx_word' id='word_1_198' title='bbox 454 2130 498 2169; x_wconf 87' lang='lat' dir='ltr'>et</span> <span class='ocrx_word' id='word_1_199' title='bbox 527 2130 592 2169; x_wconf 84' lang='lat' dir='ltr'>est</span> <span class='ocrx_word' id='word_1_200' title='bbox 623 2128 820 2182; x_wconf 77' lang='lat' dir='ltr'>specialis</span> <span class='ocrx_word' id='word_1_201' title='bbox 852 2128 1062 2171; x_wconf 78' lang='lat' dir='ltr'>Cornelii&#39;0</span> <span class='ocrx_word' id='word_1_202' title='bbox 1094 2130 1290 2172; x_wconf 89' lang='lat' dir='ltr'>elocutio.</span> 
     </span>
    </p>
   </div>
   <div class='ocr_carea' id='block_1_11' title="bbox 356 2209 1763 2297">
    <p class='ocr_par' dir='ltr' id='par_1_13' title="bbox 356 2209 1763 2297">
     <span class='ocr_line' id='line_1_28' title="bbox 356 2209 1763 2297; baseline 0.006 -28"><span class='ocrx_word' id='word_1_203' title='bbox 356 2229 410 2271; x_wconf 92' lang='lat' dir='ltr'>X.</span> <span class='ocrx_word' id='word_1_204' title='bbox 451 2230 514 2270; x_wconf 86' lang='lat' dir='ltr'>Id.</span> <span class='ocrx_word' id='word_1_205' title='bbox 548 2230 600 2270; x_wconf 83' lang='lat' dir='ltr'>ad</span> <span class='ocrx_word' id='word_1_206' title='bbox 629 2230 738 2271; x_wconf 87' lang='lat' dir='ltr'>Aen.</span> <span class='ocrx_word' id='word_1_207' title='bbox 762 2229 859 2271; x_wconf 91' lang='lat' dir='ltr'>VII.</span> <span class='ocrx_word' id='word_1_208' title='bbox 883 2229 986 2272; x_wconf 84' lang='lat'>688:</span> <span class='ocrx_word' id='word_1_209' title='bbox 1018 2234 1244 2283; x_wconf 77' lang='lat' dir='ltr'>Fulvosque</span> <span class='ocrx_word' id='word_1_210' title='bbox 1263 2209 1352 2284; x_wconf 62' lang='lat' dir='ltr'>luffl</span> <span class='ocrx_word' id='word_1_211' title='bbox 1377 2231 1429 2274; x_wconf 77' lang='lat' dir='ltr'>de</span> <span class='ocrx_word' id='word_1_212' title='bbox 1452 2238 1561 2286; x_wconf 76' lang='lat' dir='ltr'>pelle</span> <span class='ocrx_word' id='word_1_213' title='bbox 1589 2239 1763 2297; x_wconf 65' lang='lat' dir='ltr'>qqleros.</span> 
     </span>
    </p>
   </div>
   <div class='ocr_carea' id='block_1_12' title="bbox 166 2297 1767 2354">
    <p class='ocr_par' dir='ltr' id='par_1_14' title="bbox 166 2297 1767 2354">
     <span class='ocr_line' id='line_1_29' title="bbox 166 2297 1767 2354; baseline 0.002 -11"><span class='ocrx_word' id='word_1_214' title='bbox 166 2330 173 2343; x_wconf 90' lang='grc'><em>,</em></span> <span class='ocrx_word' id='word_1_215' title='bbox 245 2299 423 2341; x_wconf 72' lang='lat' dir='ltr'>Galerus</span> <span class='ocrx_word' id='word_1_216' title='bbox 454 2311 590 2352; x_wconf 82' lang='lat' dir='ltr'>genus</span> <span class='ocrx_word' id='word_1_217' title='bbox 619 2299 685 2339; x_wconf 73' lang='lat' dir='ltr'>&#39;est</span> <span class='ocrx_word' id='word_1_218' title='bbox 715 2297 830 2352; x_wconf 80' lang='lat' dir='ltr'>pilei,</span> <span class='ocrx_word' id='word_1_219' title='bbox 863 2298 974 2353; x_wconf 89' lang='lat' dir='ltr'>quod</span> <span class='ocrx_word' id='word_1_220' title='bbox 995 2297 1155 2340; x_wconf 86' lang='lat' dir='ltr'>Fronto</span> <span class='ocrx_word' id='word_1_221' title='bbox 1176 2313 1333 2354; x_wconf 84' lang='lat' dir='ltr'>genere</span> <span class='ocrx_word' id='word_1_222' title='bbox 1355 2303 1508 2343; x_wconf 86' lang='lat' dir='ltr'>neutro</span> <span class='ocrx_word' id='word_1_223' title='bbox 1538 2302 1660 2344; x_wconf 86' lang='lat' dir='ltr'>dicit:</span> <span class='ocrx_word' id='word_1_224' title='bbox 1691 2307 1767 2347; x_wconf 76' lang='lat' dir='ltr'>lzoe</span> 
     </span>
    </p>
   </div>
   <div class='ocr_carea' id='block_1_13' title="bbox 240 2365 466 2419">
    <p class='ocr_par' dir='ltr' id='par_1_15' title="bbox 240 2365 466 2419">
     <span class='ocr_line' id='line_1_30' title="bbox 240 2365 466 2419; baseline -0.013 -10"><span class='ocrx_word' id='word_1_225' title='bbox 240 2371 428 2419; x_wconf 68' lang='lat' dir='ltr'>ffalerum</span> <span class='ocrx_word' id='word_1_226' title='bbox 437 2365 466 2406; x_wconf 71' lang='lat'>0.</span> 
     </span>
    </p>
   </div>
   <div class='ocr_carea' id='block_1_14' title="bbox 245 2520 1767 2906">
    <p class='ocr_par' dir='ltr' id='par_1_16' title="bbox 360 2520 1450 2567">
     <span class='ocr_line' id='line_1_31' title="bbox 360 2520 1450 2567; baseline 0.003 -9"><span class='ocrx_word' id='word_1_227' title='bbox 360 2529 377 2558; x_wconf 90' lang='lat'>1</span> <span class='ocrx_word' id='word_1_228' title='bbox 404 2523 452 2558; x_wconf 73' lang='lat' dir='ltr'>Et</span> <span class='ocrx_word' id='word_1_229' title='bbox 477 2535 541 2558; x_wconf 87' lang='lat' dir='ltr'>cur</span> <span class='ocrx_word' id='word_1_230' title='bbox 565 2526 634 2559; x_wconf 83' lang='lat' dir='ltr'>Ed.</span> <span class='ocrx_word' id='word_1_231' title='bbox 659 2537 714 2567; x_wconf 81' lang='lat' dir='ltr'>pr.</span> <span class='ocrx_word' id='word_1_232' title='bbox 761 2523 809 2557; x_wconf 88' lang='lat' dir='ltr'>Et</span> <span class='ocrx_word' id='word_1_233' title='bbox 833 2524 919 2558; x_wconf 86' lang='lat' dir='ltr'>Aur.</span> <span class='ocrx_word' id='word_1_234' title='bbox 948 2528 1056 2559; x_wconf 76' lang='lat' dir='ltr'>omisit</span> <span class='ocrx_word' id='word_1_235' title='bbox 1079 2527 1183 2559; x_wconf 81' lang='lat' dir='ltr'>Fabr.</span> <span class='ocrx_word' id='word_1_236' title='bbox 1209 2520 1295 2560; x_wconf 81' lang='lat' dir='ltr'>Aur.</span> <span class='ocrx_word' id='word_1_237' title='bbox 1324 2539 1384 2561; x_wconf 90' lang='lat' dir='ltr'>om.</span> <span class='ocrx_word' id='word_1_238' title='bbox 1409 2530 1450 2564; x_wconf 85' lang='lat' dir='ltr'>P.</span> 
     </span>
    </p>

    <p class='ocr_par' dir='ltr' id='par_1_17' title="bbox 357 2579 1405 2625">
     <span class='ocr_line' id='line_1_32' title="bbox 357 2579 1405 2625; baseline 0.003 -10"><span class='ocrx_word' id='word_1_239' title='bbox 357 2585 377 2615; x_wconf 73' lang='lat'><strong>2</strong></span> <span class='ocrx_word' id='word_1_240' title='bbox 402 2579 605 2615; x_wconf 86' lang='lat' dir='ltr'>Antonium</span> <span class='ocrx_word' id='word_1_241' title='bbox 632 2582 714 2615; x_wconf 81' lang='lat' dir='ltr'>Cod.</span> <span class='ocrx_word' id='word_1_242' title='bbox 740 2581 828 2616; x_wconf 84' lang='lat' dir='ltr'>Bob.</span> <span class='ocrx_word' id='word_1_243' title='bbox 854 2583 921 2614; x_wconf 84' lang='lat' dir='ltr'>Ed.</span> <span class='ocrx_word' id='word_1_244' title='bbox 946 2594 1003 2625; x_wconf 80' lang='lat' dir='ltr'>pr.</span> <span class='ocrx_word' id='word_1_245' title='bbox 1052 2581 1278 2616; x_wconf 83' lang='lat' dir='ltr'>Antoninum</span> <span class='ocrx_word' id='word_1_246' title='bbox 1305 2585 1405 2618; x_wconf 84' lang='lat' dir='ltr'>Fabr.</span> 
     </span>
    </p>

    <p class='ocr_par' dir='ltr' id='par_1_18' title="bbox 359 2636 1372 2681">
     <span class='ocr_line' id='line_1_33' title="bbox 359 2636 1372 2681; baseline 0 -8"><span class='ocrx_word' id='word_1_247' title='bbox 359 2643 379 2673; x_wconf 86' lang='lat'><strong>3</strong></span> <span class='ocrx_word' id='word_1_248' title='bbox 404 2637 463 2671; x_wconf 87' lang='lat' dir='ltr'>Ad</span> <span class='ocrx_word' id='word_1_249' title='bbox 487 2648 571 2671; x_wconf 90' lang='lat' dir='ltr'>eum</span> <span class='ocrx_word' id='word_1_250' title='bbox 595 2647 751 2681; x_wconf 80' lang='lat' dir='ltr'>vespera</span> <span class='ocrx_word' id='word_1_251' title='bbox 773 2636 811 2670; x_wconf 84' lang='lat' dir='ltr'>in</span> <span class='ocrx_word' id='word_1_252' title='bbox 835 2636 1000 2671; x_wconf 74' lang='lat' dir='ltr'>triduum</span> <span class='ocrx_word' id='word_1_253' title='bbox 1025 2637 1186 2673; x_wconf 81' lang='lat' dir='ltr'>mittant.</span> <span class='ocrx_word' id='word_1_254' title='bbox 1235 2641 1372 2673; x_wconf 75' lang='lat' dir='ltr'>Pntsch.</span> 
     </span>
    </p>

    <p class='ocr_par' dir='ltr' id='par_1_19' title="bbox 357 2692 894 2737">
     <span class='ocr_line' id='line_1_34' title="bbox 357 2692 894 2737; baseline 0.002 -9"><span class='ocrx_word' id='word_1_255' title='bbox 357 2698 378 2728; x_wconf 87' lang='lat'>4</span> <span class='ocrx_word' id='word_1_256' title='bbox 403 2692 596 2727; x_wconf 74' lang='lat' dir='ltr'>Amicitiis.</span> <span class='ocrx_word' id='word_1_257' title='bbox 646 2695 763 2737; x_wconf 76' lang='lat' dir='ltr'><em>Steph.</em></span> <span class='ocrx_word' id='word_1_258' title='bbox 793 2696 894 2729; x_wconf 83' lang='lat' dir='ltr'>Fabr.</span> 
     </span>
    </p>

    <p class='ocr_par' dir='ltr' id='par_1_20' title="bbox 245 2749 1767 2840">
     <span class='ocr_line' id='line_1_35' title="bbox 358 2749 1767 2799; baseline 0.006 -16"><span class='ocrx_word' id='word_1_259' title='bbox 358 2754 378 2784; x_wconf 78' lang='lat'>5</span> <span class='ocrx_word' id='word_1_260' title='bbox 404 2749 612 2784; x_wconf 86' lang='lat' dir='ltr'>Cornelium</span> <span class='ocrx_word' id='word_1_261' title='bbox 637 2749 864 2784; x_wconf 79' lang='lat' dir='ltr'>Frontonem</span> <span class='ocrx_word' id='word_1_262' title='bbox 888 2749 1124 2796; x_wconf 77' lang='lat' dir='ltr'>intelligebat</span> <span class='ocrx_word' id='word_1_263' title='bbox 1146 2751 1356 2787; x_wconf 80' lang='lat' dir='ltr'>Dorvillius.</span> <span class='ocrx_word' id='word_1_264' title='bbox 1398 2752 1565 2799; x_wconf 84' lang='lat' dir='ltr'>Suspicio</span> <span class='ocrx_word' id='word_1_265' title='bbox 1589 2755 1689 2791; x_wconf 80' lang='lat' dir='ltr'>haud</span> <span class='ocrx_word' id='word_1_266' title='bbox 1713 2768 1767 2793; x_wconf 82' lang='lat' dir='ltr'>sa-</span> 
     </span>
     <span class='ocr_line' id='line_1_36' title="bbox 245 2805 534 2840; baseline 0.003 -1"><span class='ocrx_word' id='word_1_267' title='bbox 245 2805 292 2840; x_wconf 72' lang='lat' dir='ltr'>tis</span> <span class='ocrx_word' id='word_1_268' title='bbox 316 2805 534 2840; x_wconf 78' lang='lat' dir='ltr'>verisimilis.</span> 
     </span>
    </p>

    <p class='ocr_par' dir='ltr' id='par_1_21' title="bbox 361 2862 941 2906">
     <span class='ocr_line' id='line_1_37' title="bbox 361 2862 941 2906; baseline 0.009 -13"><span class='ocrx_word' id='word_1_269' title='bbox 361 2866 380 2894; x_wconf 66' lang='grc' dir='ltr'>Γ)</span> <span class='ocrx_word' id='word_1_270' title='bbox 405 2863 483 2896; x_wconf 89' lang='lat' dir='ltr'>Hoc</span> <span class='ocrx_word' id='word_1_271' title='bbox 508 2862 676 2906; x_wconf 83' lang='lat' dir='ltr'>galerum</span> <span class='ocrx_word' id='word_1_272' title='bbox 700 2866 803 2899; x_wconf 79' lang='lat' dir='ltr'>omitt.</span> <span class='ocrx_word' id='word_1_273' title='bbox 830 2865 941 2898; x_wconf 76' lang='lat' dir='ltr'>Basil.</span> 
     </span>
    </p>
   </div>
  </div>
 </body>
</html>
