1968 3158
295 183 375 224 194
567 179 614 213 M.
643 177 867 213 CORNELII
890 177 1166 212 FRONTONIS
1195 177 1533 214 EPISTULARUM

293 294 493 349 draginta
515 306 650 333 annos
672 291 782 333 sitne
804 291 986 345 decurio,
1005 291 1238 346 qui'scriba
1255 291 1399 346 fuerit,
1431 293 1658 346 pecuniam
1677 291 1731 334 ob
1747 291 1815 332 de-

295 362 562 403 curionatum
591 358 801 412 intulerit,
836 359 1053 400 commoda
1084 359 1384 418 decurionatus
1412 361 1695 414 usurpaverit,
1726 373 1815 400 mu-

293 429 366 470 nia
394 427 626 469 functus¹i>
684 426 742 468 Et
772 426 872 482 quid
904 429 988 481 est,
1029 427 1088 468 mi
1118 427 1201 481 fili1,
1243 427 1343 482 quid
1375 428 1439 467 est
1468 427 1580 481 quod
1608 427 1693 468 ista
1722 439 1815 481 pro-

292 496 386 537 bari
416 495 496 537 tibi
526 494 694 549 plenius
725 493 860 536 velis?
917 493 1126 543 Quoniam
1157 494 1291 549 quae2
1323 525 1814 535 ............

297 666 303 673 .
339 665 347 673 .
382 630 439 672 .¹3
472 664 479 672 .
515 664 523 672 .
560 631 676 684 .dis‚
709 630 936 685 pecuniam
965 630 1181 684 intulerit,
1214 630 1361 670 munia
1390 629 1554 671 fecerit.
1602 628 1706 670 Post
1734 628 1818 670 ista

293 699 405 741 ultro
436 699 626 753 citroque
648 713 672 739 a
692 711 759 738 me
784 699 935 752 rogata
966 700 1092 752 atque
1122 711 1340 752 responsa,
1372 711 1516 738 nonne
1540 697 1669 738 etiam
1698 710 1818 752 prae-

290 767 495 809 iudicium
528 799 753 807 ......
766 769 781 791 ⁴
821 764 986 806 delatus
1026 767 1091 807 est
1120 764 1374 807 Volumnius
1412 765 1532 819 quasi
1570 765 1616 806 in
1657 763 1819 806 curiam
1880 790 1885 797 ·

291 835 569 890 inrumperet⁷
604 848 698 875 cum
729 833 766 874 ei
796 832 891 874 ius⁵
910 832 1190 874 introeundae
1213 832 1354 874 curiae
1376 846 1463 874 non
1495 834 1608 873 esset
1636 833 1685 873 ut
1714 830 1818 873 rele-

292 904 393 958 gato
405 902 435 956 6,
474 902 586 956 quod
627 915 766 955 neque
798 901 898 941 ante
930 900 1102 941 exilium
1133 914 1211 954 pro
1242 900 1520 941 decurionatu
1549 913 1719 956 omnem
1748 913 1818 953 pe-

294 970 465 1012 cuniam
494 983 631 1024 neque
662 967 793 1009 ullam
823 967 1037 1022 posterius
1067 967 1297 1009 intulisset.
1339 962 1464 1016 'Quae
1497 982 1591 1008 cum
1620 965 1818 1021 longissi-

291 1039 372 1079 mis
414 1036 678 1092 temporibus
716 1035 860 1077 forent
890 1037 1110 1090 perorata,
1157 1034 1318 1076 Lollius
1349 1034 1557 1077 Urbicus⁷
1590 1048 1718 1075 causa
1755 1033 1819 1074 in-

293 1107 440 1161 specta
470 1104 580 1146 nihil
611 1103 811 1145 adversus
840 1102 1119 1144 Volumnium
1151 1102 1324 1156 statuit3
1363 1102 1435 1144 sed
1464 1102 1557 1143 1000
1590 1133 1816 1142 ......

295 1241 328 1292 ἒὸ
363 1274 371 1282 .
407 1274 415 1282 .
456 1239 528 1281 8οἀ
558 1253 635 1294 pro
668 1272 676 1280 .
712 1271 721 1280 .
762 1238 892 1279 istum
926 1272 933 1279 .
969 1268 981 1280 .
1020 1253 1123 1278 num
1157 1271 1164 1279 .
1202 1271 1210 1279 .
1251 1238 1378 1279 debet
1411 1271 1419 1278 .
1455 1271 1462 1278 .
1497 1236 1735 1279 defenderit
1766 1269 1775 1278 .
1809 1269 1817 1277 .

294 1322 371 1364 pro
401 1308 563 1349 honore
594 1306 699 1347 ratis
730 1320 817 1347 non
848 1306 968 1347 video
999 1306 1071 1360 qui
1101 1306 1237 1360 possit
1274 1303 1474 1362 asse[qui]
1524 1319 1612 1346 non
1649 1305 1818 1346 insitus.

294 1375 403 1425 Quid
440 1375 550 1430 quod
596 1375 874 1429 imperatores
912 1373 1074 1414 nostri⁹
1111 1373 1158 1414 in
1201 1372 1352 1414 Isidori
1390 1373 1540 1426 Lysiae
1587 1387 1713 1414 causa
1757 1371 1821 1413 ita

296 1443 611 1484 constituerunt
623 1440 685 1481 1θῖ.)
736 1474 744 1482 .
780 1474 788 1483 .
822 1443 895 1482 aut
928 1474 935 1482 .
973 1473 980 1482 .
1015 1455 1070 1481 an
1100 1440 1260 1496 legatio
1284 1471 1818 1482 .............

297 1507 1821 1563 ...................{¹¹....tus..simulper

342 1611 351 1619 .
390 1576 630 1633 ignominia
663 1609 671 1617 .
708 1609 716 1617 .
756 1575 944 1617 inuritur
982 1576 1244 1630 sempiterna
1281 1607 1466 1616 .....
1474 1598 1476 1600 -
1503 1607 1818 1616 ........

299 1691 306 1698 ,
343 1675 618 1687 .......
636 1643 667 1669 ¹²
708 1643 806 1685 Non
836 1643 949 1684 idem
980 1643 1160 1684 dedecus
1192 1644 1257 1684 est
1286 1642 1450 1684 homini
1481 1642 1670 1684 solitario
1699 1642 1821 1696 igno-

411 1807 428 1837 1
454 1803 512 1837 Ita
537 1801 624 1836 Cod.
651 1801 727 1836 sine
749 1803 854 1844 fuerit
879 1800 938 1835 vel
957 1804 1016 1838 sit.
1063 1803 1189 1836 Maius.

409 1863 429 1894 2
454 1857 721 1893 Desiderantur
755 1857 863 1891 huius
897 1856 1059 1902 paginae
1096 1856 1334 1892 oblitteratae
1371 1868 1494 1891 versus
1529 1855 1699 1892 XXXVII
1740 1866 1821 1890 cum

297 1915 459 1951 dimidio.
509 1917 635 1951 Maius.
1817 1947 1828 1951 ,

411 1977 430 2007 3
456 1970 631 2014 Sequitur
656 1969 743 2004 Cod.
771 1983 806 2015 p.
833 1974 916 2007 ⁶296.
949 1970 1050 2004 cuius
1079 1969 1183 2015 prior
1214 1970 1384 2005 columna
1409 1969 1626 2004 oblitterata
1650 1969 1717 2004 est.
1766 1968 1821 2003 In-

298 2028 387 2073 cipit
411 2027 540 2062 altera.

409 2088 431 2118 4
454 2083 596 2118 Desunt
619 2094 744 2117 versus
769 2093 885 2127 prope
911 2082 1081 2127 quinque.
1135 2085 1256 2117 Maius.

411 2144 431 2175 5
457 2139 597 2174 Codex:
624 2143 704 2173 eius.
1094 2133 1097 2136 ’

411 2200 431 2231 6
455 2194 674 2230 Hominibus
698 2194 902 2239 ignominia
927 2194 1095 2235 censoria
1118 2194 1256 2230 notatis
1281 2194 1400 2229 adhuc
1425 2194 1473 2229 ad
1496 2195 1676 2229 honorem
1701 2194 1821 2229 aditus

299 2257 338 2289 et
367 2253 415 2288 ad
445 2251 584 2287 curiam
615 2251 754 2286 reditus
783 2250 868 2294 fuit,
903 2251 998 2289 teste
1025 2250 1199 2286 Cicerone
1228 2260 1297 2296 pro
1329 2249 1496 2285 Cluentio
1520 2250 1630 2285 XLII.
1679 2250 1821 2285 Tamen

299 2310 373 2355 dig.
405 2310 444 2344 L.
471 2313 501 2343 2.
530 2312 549 2342 5
586 2307 714 2343 ordine
743 2307 836 2342 moti
866 2317 910 2342 ex
942 2307 1110 2349 crimine,
1143 2306 1242 2351 quod
1271 2306 1516 2351 ignominiam
1552 2307 1748 2351 importat,
1783 2306 1822 2340 in

298 2366 519 2412 perpetuum
530 2364 735 2399 moventur.
772 2363 872 2408 Ergo
884 2363 1100 2398 Volumnius
1117 2363 1164 2398 ob
1181 2362 1298 2397 lenius
1325 2362 1463 2398 crimen
1478 2363 1600 2398 fuerat
1621 2362 1820 2407 relegatus.

300 2422 402 2458 Conf.
428 2421 502 2466 dig.
527 2420 597 2455 loc.
624 2420 683 2455 cit.
709 2419 872 2463 itemque
897 2419 1067 2454 divorum
1090 2419 1248 2454 fratrum
1271 2419 1492 2465 rescriptum
1515 2419 1587 2464 leg.
1609 2423 1660 2454 13.
1695 2421 1822 2453 Maius.

412 2482 431 2513 7
458 2476 527 2519 Qui
549 2475 668 2521 legati
692 2486 843 2511 munere
867 2476 1024 2520 fungens
1049 2475 1248 2510 Britannos
1273 2474 1377 2518 vicit,
1401 2474 1467 2510 Pio
1492 2475 1710 2520 imperante.
1758 2473 1823 2509 Ca-

299 2534 442 2580 pitolin.
467 2533 507 2568 111
530 2532 596 2568 Pio
623 2544 652 2567 c.
678 2536 708 2567 5.
760 2535 887 2567 Maius.

414 2593 434 2625 8
460 2589 632 2634 Sequitur
656 2601 691 2634 p.
718 2593 800 2631 295,
825 2588 863 2623 in
888 2600 962 2633 qua
984 2600 1173 2634 perpauca
1195 2588 1271 2634 legi
1293 2589 1460 2634 possunt.

413 2651 433 2681 9
457 2646 557 2690 Ergo
564 2646 658 2681 haec
666 2645 825 2691 epistula
834 2645 973 2690 scripta
986 2646 1043 2680 est
1059 2645 1126 2680 sub
1143 2644 1299 2690 imperio
1317 2643 1674 2679 divorumFratrum.
1696 2646 1822 2678 Maius.

393 2707 435 2738 10
458 2702 552 2737 Exin
574 2702 651 2746 legi
674 2702 920 2747 nequiverunt
942 2711 1070 2736 versus
1094 2701 1226 2736 XVIII.
1277 2703 1403 2736 Maius.

395 2763 432 2793 11
458 2758 593 2793 Deesse
618 2758 788 2793 videntur
811 2758 849 2792 in
875 2756 1007 2792 Codice
1030 2757 1193 2802 paginae
1219 2756 1324 2792 duae.
1374 2755 1547 2801 Sequitur
1571 2755 1659 2791 Cod.
1684 2768 1720 2802 p.
1746 2758 1823 2799 304,

304 2815 411 2850 hodie
435 2815 585 2859 praeter
609 2813 868 2848 adnotationes
897 2814 936 2848 in
959 2813 1128 2858 margine
1152 2813 1229 2848 fere
1254 2824 1385 2848 erasa.⁴

397 2874 435 2904 12
460 2869 594 2914 Incipit
617 2881 742 2904 versus
766 2869 898 2905 tertius
923 2869 1094 2904 decimus.
