1968 3158
239 154 321 197 100
518 153 567 188 M.
588 152 813 187 CORNELII
835 151 1113 187 FRONTONIS
1137 151 1479 189 EPISTULARUM

236 268 408 310 tabulae
438 266 649 321 prolatae:
678 265 921 320 {maiorum1
952 264 1062 307 bene
1091 265 1209 307 facta
1228 266 1438 321 perlecta:
1477 267 1628 309 deinde
1655 282 1763 323 quae

237 350 316 391 ego
348 349 425 389 pro
454 348 543 388 rep.
575 334 773 376 fecissem
802 333 1020 389 leguntur.
1071 325 1156 379 Ubi
1193 334 1238 375 id
1266 336 1492 390 utrumque
1528 335 1764 391 perlectum

236 405 315 457 est,
348 402 499 443 deinde
530 402 738 456 scriptum
769 403 861 443 erat
889 401 937 444 in
967 401 1180 444 oratione:
1218 401 1495 458 „Numquam
1529 417 1609 459 ego
1638 418 1764 459 pecu-

235 471 354 511 niam
383 483 520 524 neque
550 484 690 511 meam
719 483 858 525 neque
888 470 1099 512 sociorum
1128 484 1205 525 per
1236 470 1514 512 ambitionem
1538 470 1764 527 dilargitus

236 538 376 580 sum.“
414 538 542 579 Attat
554 536 583 591 ²,
615 537 705 579 noli
728 537 815 579 noli
839 537 1037 592 scribere,
1074 537 1264 592 inquam,
1296 537 1432 579 istud:
1462 538 1617 580 nolunt
1638 538 1673 594 13
1693 551 1764 580 au-

236 606 338 647 dire.
370 605 535 647 Deinde
565 605 784 647 recitavit:
816 604 1093 661 „Numquam
1123 606 1230 661 ego4
1259 606 1498 661 praefectos
1527 620 1605 661 per
1634 605 1765 647 socio-

235 688 330 715 rum
359 675 599 715 vestrorum
629 673 786 728 oppida
809 673 1007 728 inposivi,
1041 673 1113 728 qui
1144 687 1289 715 eorum
1318 673 1444 728 bona,
1479 673 1635 715 liberos
1666 672 1764 716 diri—

235 742 434 796 perent.“
501 740 623 782 Istud
660 755 826 796 quoque
864 741 978 795 dele3
1027 740 1182 782 nolunt
1230 741 1397 783 audire:
1447 741 1582 783 recita
1623 754 1762 796 porro.

236 809 513 864 „Numquam
557 823 637 864 ego
681 808 884 863 praedam
932 823 1070 863 neque
1115 809 1226 863 quod
1265 809 1316 851 de
1353 809 1547 851 hostibus
1592 810 1764 864 captum

237 879 347 918 esset
376 891 515 931 neque
544 875 770 918 manubias
808 876 923 917 inter
952 875 1157 931 pauculos
1188 877 1345 918 amicos
1375 891 1490 918 meos
1521 877 1667 932 divisi,
1715 878 1766 917 ut

234 945 320 986 illis
351 944 561 999 eriperem
590 945 662 999 qui
684 944 945 999 cepissent.“
975 943 1093 985 Istuc
1121 958 1287 999 quoque
1318 944 1429 986 dele:
1459 943 1765 986 nihilominus5

235 1013 385 1054 volunt
414 1012 496 1054 dici
510 1027 519 1066 ς
550 1026 639 1053 11011
668 1026 774 1067 opus
805 1013 871 1053 est
900 1011 1082 1053 recitato
1094 1012 1122 1054 ⁶.
1170 1011 1447 1066 „Numquam
1477 1025 1556 1067 ego
1586 1011 1765 1054 evectio—

235 1094 335 1121 nem
363 1080 519 1134 datavi‚
571 1094 653 1134 quo
691 1079 818 1121 amici
853 1079 938 1121 mei
974 1094 1052 1134 per
1081 1079 1293 1134 symbolos
1337 1079 1543 1134 pecunias
1582 1093 1764 1135 magnas

228 1149 486 1204 'caperentf‘
544 1147 682 1203 Perge
730 1147 843 1189 istuc
892 1161 1058 1202 quoque
1115 1147 1179 1189 uti
1230 1162 1326 1189 cum
1376 1147 1560 1189 maxime
1610 1146 1763 1188 delere.

236 1216 514 1271 „Numquam
544 1230 624 1271 ego
654 1217 882 1271 argentum
910 1229 988 1269 pro
1018 1214 1119 1256 vino
1150 1215 1370 1271 congiario
1405 1215 1520 1257 inter
1550 1214 1765 1270 apparito-

235 1297 303 1326 res
335 1286 462 1339 atque
493 1283 650 1325 amicos
680 1297 796 1325 meos
827 1282 994 1337 disdidi,
1033 1297 1171 1338 neque
1213 1297 1284 1325 eos
1314 1283 1427 1325 malo
1457 1282 1630 1338 publico
1661 1275 1764 1324 divi-

235 1354 301 1393 tes
330 1352 462 1393 feci.“
521 1350 753 1393 Enimvero
797 1364 929 1404 usque
966 1350 1078 1392 istuc
1123 1350 1175 1391 ad
1224 1351 1393 1406 lignum
1431 1350 1534 1392 dele.
1594 1349 1764 1392 Videsis

236 1434 319 1474 quo
347 1419 440 1461 loco
470 1432 581 1473 resp.
614 1418 708 1472 siet,
741 1417 832 1459 uti7
863 1418 975 1472 quod
1004 1418 1109 1472 reip.
1136 1418 1245 1460 bene
1274 1418 1492 1472 fecissem,
1523 1417 1636 1459 unde
1669 1432 1764 1473 gra-

236 1487 343 1528 tiam
376 1486 610 1541 capiebam,
642 1499 758 1527 nunc
787 1485 900 1526 idem
929 1485 1036 1526 illud
1065 1500 1300 1527 memorare
1320 1500 1409 1527 11011
1430 1485 1577 1540 audeo,
1616 1499 1672 1527 ne
1700 1485 1765 1527 in—

236 1554 376 1596 vidiae
407 1554 501 1595 siet.
560 1553 629 1594 Ita
658 1553 882 1594 inductum
913 1555 978 1595 est
1006 1553 1117 1595 male
1137 1553 1295 1608 facere,
1327 1553 1532 1608 inpoene3
1565 1553 1674 1594 bene
1702 1552 1765 1594 fa-

238 1636 344 1676 cere,
376 1635 465 1662 non
493 1616 677 1677 inpoene
706 1620 882 1662 licere.“

349 1689 469 1730 Haec
503 1688 643 1731 forma
687 1689 992 1742 παραλείψεωε
1029 1703 1140 1731 nova
1183 1704 1265 1732 nec
1303 1689 1357 1731 ab
1393 1688 1480 1730 ullo
1511 1688 1607 1743 alio,
1654 1688 1766 1743 quod

237 1771 317 1813 ego
347 1757 494 1811 sciam,
533 1758 740 1812 usurpata
777 1758 854 1798 est.
914 1756 1040 1798 Iubet
1085 1757 1200 1802 enim
1243 1757 1330 1812 legi
1366 1756 1536 1798 tabulas
1574 1758 1618 1798 et
1654 1756 1765 1812 quod

235 1825 394 1867 lectum
424 1825 493 1879 sit,
525 1824 645 1866 iubet
672 1824 910 1880 praeteriri.
943 1824 984 1866 A
1003 1826 1047 1866 te
1068 1839 1234 1880 quoque
1264 1838 1418 1867 novom
1437 1824 1616 1879 factum,
1653 1824 1766 1879 quod

193 1941 202 1945 ,
236 1893 498 1948 principium
527 1892 733 1934 orationis
763 1894 863 1933 tuae
893 1892 1032 1947 figura
1061 1893 1146 1934 ista
1176 1907 1349 1935 exorsus
1380 1907 1445 1947 es3
1484 1892 1596 1934 sicut
1629 1891 1765 1933 multa

238 1961 322 2003 alia
358 1975 470 2003 nova
500 1962 543 2002 et
581 1959 787 2016 exisp⁸mia
825 1959 1066 2002 facturum9
1101 1962 1145 2002 te
1182 1961 1228 2004 in
1266 1960 1531 2002 orationibus
1561 1959 1646 2002 tuis
1678 1974 1764 2002 cer·-

237 2031 329 2070 tum
358 2028 507 2070 habeo.
567 2027 636 2070 Ita
666 2027 840 2083 egregio
869 2028 1047 2083 ingenio
1075 2030 1203 2070 natus
1235 2029 1299 2070 es!

238 2174 338 2220 apud
360 2175 542 2220 popuJum
566 2174 669 2218 Cato,
695 2174 844 2209 auctore
868 2173 979 2209 Festo
1003 2184 1094 2210 voce
1117 2178 1299 2218 repulsior.
1338 2176 1465 2211 Maius.
1510 2174 1629 2209 Maius
1651 2173 1764 2209 inter-

238 2236 422 2276 punxerat
445 2235 531 2277 post
553 2235 686 2276 scripta
710 2239 799 2266 erat.
847 2230 1015 2266 Correxit
1038 2230 1298 2266 Mommsenus.

353 2292 370 2322 1
397 2287 538 2323 Codex:
563 2292 735 2323 malorum.

349 2348 370 2379 2
394 2345 453 2379 Ita
477 2343 612 2379 Codex.
660 2344 733 2379 Pro
756 2346 908 2379 seribere
932 2343 1182 2379 Mommsenus
1208 2342 1356 2379 coniicit
1377 2347 1550 2388 perihere.

351 2405 371 2436 3
396 2400 530 2446 Incipit
555 2400 643 2436 Cod.
667 2399 753 2436 Vat.
779 2412 814 2446 p.
836 2403 909 2435 107.

349 2460 371 2491 4
396 2456 536 2492 Codex:
569 2460 756 2503 Numquos,
793 2456 893 2501 quod
923 2455 1074 2491 correxi.
1131 2456 1180 2490 Et
1203 2457 1258 2491 ita
1282 2455 1510 2491 Schaeferus.
1563 2457 1763 2492 Praeterea

238 2513 468 2548 Ecksteinius
494 2513 658 2559 supplet:
684 2516 782 2555 bona,
808 2512 993 2558 coniuges,
1018 2515 1153 2548 liberos.

351 2574 371 2605 5
395 2571 452 2605 Ita
477 2569 611 2605 Codex.
658 2569 927 2615 Exspectabas:
953 2573 1035 2604 nihil
1057 2573 1176 2605 minus.
1223 2569 1271 2604 Et
1293 2568 1349 2604 ita
1372 2569 1502 2604 scribit
1525 2568 1713 2604 IordanuS.

350 2630 371 2660 6
394 2626 515 2661 Prava
546 2626 601 2662 est
623 2625 872 2670 interpunctio
903 2625 1003 2671 apud
1026 2625 1175 2660 Maium.
1235 2626 1284 2660 Et
1312 2636 1408 2659 nunc
1438 2624 1546 2660 video
1576 2625 1652 2659 iam
1684 2636 1760 2659 cor-

238 2682 375 2716 rexisse
399 2682 608 2717 Iordanum.
657 2682 730 2716 Pro
755 2695 825 2716 eum
849 2686 993 2717 maxime
1019 2681 1237 2717 Schaeferus
1263 2682 1404 2716 mavult
1429 2695 1524 2727 quam
1548 2685 1701 2716 maxime.

351 2742 370 2772 7
395 2738 578 2783 Hauptius
601 2738 742 2773 mavult
764 2741 829 2773 ubi.

350 2798 370 2828 8
395 2794 528 2838 Incipit
553 2794 639 2829 Cod.
666 2794 750 2829 Vat.
776 2806 812 2840 p.
832 2799 885 2830 90.

350 2853 370 2883 9
396 2849 482 2883 Cod.
509 2862 564 2894 pr.
590 2862 637 2885 m.
662 2853 864 2893 faetaurum.
