1968 3158
271 153 355 194 210
726 151 772 185 Μ.
802 150 1031 186 CORNELII
1056 151 1330 186 FRONTONIS

271 267 372 320 imp.
407 265 714 306 existimandus
745 265 814 320 sit,
847 265 893 306 in
925 265 1127 321 ambiguo
1158 265 1374 320 equidem¹
1408 279 1540 321 pono,
1572 267 1656 309 nisi
1686 267 1798 322 quod

273 333 401 375 armis
439 333 568 374 etiam
599 332 829 388 Spartacus
868 334 911 374 et
945 330 1168 375 Viriathus
1200 333 1467 388 aliquantum
1497 337 1692 391 potuere,
1724 351 1796 391 pa-

273 401 332 442 cis
371 400 534 442 artibus
574 402 643 449 vix
684 401 906 456 quisquam
937 400 1123 443 Traiano
1154 401 1206 443 ad
1242 401 1466 456 populum,
1508 402 1543 443 si
1573 403 1646 458 qui
1676 403 1797 445 adae-

271 482 365 523 que,
399 469 613 523 acceptior
642 468 800 510 extitit.
861 468 961 523 Ipsa
998 468 1104 510 haec
1136 484 1231 511 cum
1262 469 1328 524 pri
1363 502 1372 510 .
1407 502 1415 510 .
1451 503 1459 511 .
1494 470 1530 511 ,2
1568 484 1617 511 ae
1653 484 1799 512 nonne

270 536 354 578 illis
385 536 770 593 optrectationibus
800 536 916 578 faces
949 536 1080 578 sunt?
1109 536 1175 578 Ex
1207 551 1371 578 summa
1403 537 1564 579 civilis3
1595 537 1800 579 scientiae

271 604 437 646 ratione
468 606 640 659 sumpta
670 604 883 658 videntur,
915 619 970 646 ne
990 603 1249 646 histrionum
1279 597 1450 660 quidem
1481 607 1800 660 ceterorumque

271 686 450 714 scaenae
481 674 556 714 aut
586 672 688 714 circi
728 674 802 713 aut
836 671 1024 714 harenae
1055 673 1267 715 artificum
1306 673 1606 728 indiligentem
1643 673 1800 727 princi-

271 754 368 794 pem
396 740 543 791 fuisse,
579 741 629 781 ut
658 740 727 795 qui
767 739 896 781 sciret
925 740 1129 795 populum
1159 740 1401 782 Romanum
1439 741 1602 782 duabus
1639 740 1800 796 praeci—

270 822 353 862 pue
383 807 523 862 rebus,
555 822 731 849 annona
762 812 805 849 et
829 807 1099 862 spectaculis,
1132 809 1319 850 teneria:
1350 808 1575 863 imperium
1605 823 1694 850 non
1723 807 1799 850 mi-

270 890 350 917 nus
380 875 554 917 ludicris
575 890 702 930 quam
723 875 844 917 seriis
866 875 1058 930 probari:
1089 876 1248 918 maiore
1270 876 1425 917 damno
1449 877 1573 930 seria,
1605 876 1800 932 graviore

271 943 434 985 invidia
463 943 629 985 ludicra
649 943 844 999 neglegi:
875 944 1016 985 minus
1039 944 1207 985 acribus
1228 943 1411 986 stimulis
1435 944 1655 999 congiaria
1673 958 1802 999 quam

271 1011 515 1065 spectacula
551 1011 693 1066 expeti
709 1012 746 1053 Ιἐ
787 1011 1072 1067 congiari1⁴is
1110 1011 1438 1053 frumentariam
1471 1011 1595 1053 modo
1631 1011 1802 1066 plebem

273 1078 527 1134 singillatim
542 1078 711 1134 placari
749 1094 798 1120 ac
828 1079 1099 1133 nominatim,
1134 1079 1390 1134 spectaculis
1421 1079 1668 1121 universum
1700 1112 1710 1121 .
1745 1112 1754 1120 .
1789 1111 1799 1120 .

272 1146 424 1195 Quod.
461 1179 470 1188 .
505 1180 513 1188 .
546 1161 590 1187 se
621 1148 846 1201 oporteat.
873 1179 882 1189 .
912 1146 1108 1202 Namque
1138 1148 1187 1188 ut
1215 1147 1405 1189 famem.
1441 1181 1449 1189 .
1485 1180 1494 1189 .
1527 1147 1667 1202 plane.
1718 1145 1801 1188 Ne-

272 1216 455 1269 ptunum
486 1214 751 1269 Martemque
782 1213 1030 1271 mole[stias]
1063 1214 1159 1256 illas
1198 1214 1278 1256 sibi
1312 1247 1320 1256 .
1356 1248 1365 1256 .
1399 1217 1464 1256 est
1502 1217 1678 1257 arceant
1713 1229 1802 1256 non

319 1315 328 1323 .
371 1281 510 1337 magis
565 1284 639 1323 aut
679 1315 688 1323 .
724 1315 733 1323 .
773 1282 863 1323 avis
902 1281 1078 1339 [votum]
1115 1315 1123 1323 .
1159 1315 1167 1323 .
1201 1296 1327 1336 quam
1363 1282 1498 1324 Iudeis
1543 1281 1802 1337 spectaculo-

272 1363 449 1403 rumque
482 1349 774 1391 caerimonieis
815 1350 1015 1405 placarei.
1077 1349 1129 1391 Ei
1167 1349 1255 1390 rei⁵
1298 1363 1476 1405 pompas
1516 1353 1558 1392 et
1597 1351 1809 1405 carpenta-

273 1418 317 1458 et
353 1418 500 1458 tensas
540 1420 583 1458 et
620 1417 815 1458 exsuvias
856 1432 881 1458 a
920 1417 1151 1459 maioribus
1190 1417 1374 1472 dicatas,
1415 1417 1666 1472 elephantos
1702 1451 1711 1460 .
1745 1449 1756 1459 .
1790 1449 1800 1458 .

271 1483 453 1549 populus
492 1483 712 1525 Romanus
750 1499 850 1526 usus
881 1485 938 1526 sit
975 1483 1255 1539 spectaculeis
1297 1484 1486 1542 de[serti]
1531 1518 1539 1526 .
1575 1518 1583 1526 .
1618 1518 1626 1526 .
1662 1517 1671 1526 .
1705 1499 1802 1526 con-

272 1551 405 1606 strepi
436 1554 512 1592 aut
540 1551 702 1606 linguis
733 1551 926 1606 pluribus
957 1549 1188 1608 omina[ri].
1222 1550 1341 1594 Haec
1362 1567 1387 1594 a
1407 1567 1474 1594 me
1495 1552 1723 1594 refutanda
1746 1585 1755 1594 .
1791 1586 1800 1594 .

274 1621 388 1660 sunt.
432 1618 659 1661 Ceterum'.
681 1653 690 1661 .
710 1652 718 1660 .
737 1618 919 1661 Lucius.
940 1653 948 1661 .
967 1619 1012 1660 in
1036 1618 1076 1660 lo
1100 1651 1108 1660 .
1145 1652 1153 1660 .
1186 1619 1287 1674 quid
1310 1652 1319 1661 .
1344 1652 1353 1661 .
1376 1619 1532 1662 litteris
1563 1620 1719 1662 diserte
1750 1620 1804 1662 ad

274 1686 606 1742 significandum
630 1721 638 1729 .
665 1721 672 1728 .
708 1687 974 1742 compositis,
1006 1689 1055 1728 ut
1082 1686 1152 1741 qui
1183 1686 1428 1729 facundiam
1456 1688 1637 1743 inpenso
1665 1687 1804 1729 studio

276 1787 1087 1797 ...................
1104 1788 1131 1811 ν.
1168 1788 1406 1797 .......
1442 1755 1737 1811 com1⁶parata
1766 1755 1803 1797 si

275 1822 369 1876 quis
400 1822 530 1877 leget,
564 1837 638 1864 seu
668 1837 851 1877 proavus
874 1837 947 1864 seu
977 1837 1188 1878 pronepos
1219 1823 1377 1865 virtute
1407 1825 1626 1877 praestare
1646 1822 1803 1864 videbi-

272 1891 357 1943 tur⁷
392 1890 723 1959 comparationis
755 1890 925 1945 quidem
956 1890 1184 1932 discrimen
1213 1890 1259 1932 in
1290 1890 1480 1932 familiae
1508 1891 1681 1932 nomine
1711 1905 1803 1945 per-

272 1957 477 1998 manebit.

727 2018 826 2066 Legi
856 2018 1081 2057 Emendavi
1108 2019 1180 2066 qui
1205 2029 1344 2068 supra.

870 2084 1200 2124 FRONTONIS

769 2137 1015 2172 PRINCIPIA
1038 2136 1311 2172 HISTOR-IAE.

1045 2198 1054 2213 w
1199 2194 1214 2219 7

277 2311 286 2314 ‚
317 2259 504 2313 LAUDES
529 2260 648 2295 FUMI
671 2260 734 2295 ET
752 2196 1345 2296 PULXEffgsNiilgllbilffAUDES
1363 2261 1753 2298 NEGLEGENTIAE.

387 2340 409 2364 a
434 2332 478 2364 In
501 2332 670 2373 maryinc:
700 2328 856 2363 Annona
881 2329 919 2364 et
942 2329 1056 2373 spect.
1083 2340 1119 2374 p.
1146 2341 1174 2363 r.
1201 2330 1359 2364 tenetur.

387 2386 410 2420 b
435 2388 480 2420 In
510 2388 679 2430 margine.-
708 2384 849 2420 Maiore
874 2384 1010 2419 damno
1035 2405 1077 2409 —-
1103 2385 1237 2430 expeti.

389 2457 405 2487 1
431 2453 490 2488 Ita
515 2451 649 2495 Codex⁷
675 2452 775 2496 quod
799 2451 1008 2487 coniecerat
1031 2452 1273 2488 Heindorfius.
1307 2453 1410 2488 Idem
1427 2453 1629 2489 rectissime
1654 2455 1803 2500 scripsit

274 2514 304 2544 si
326 2513 383 2555 qui
406 2513 561 2554 adaeque
584 2520 653 2554 pro
679 2507 824 2544 Codicis
849 2507 1007 2544 lectione
1033 2512 1106 2549 nisi,
1132 2508 1202 2544 vid.
1232 2509 1428 2554 Hauptius.

388 2570 408 2600 2
433 2565 736 2610 Leginequeunt
761 2565 937 2608 quattuor
960 2564 1120 2601 litterae.

390 2626 411 2657 3
436 2620 576 2656 Codex:
601 2625 699 2656 civili.

387 2681 408 2711 4
432 2678 566 2723 Incipit
591 2676 679 2712 Cod.
704 2689 741 2722 p.
767 2681 844 2722 259,
869 2677 906 2712 iu
932 2689 1006 2722 qua
1028 2689 1149 2723 pauca
1172 2679 1319 2713 tantum
1342 2678 1417 2724 legi
1440 2679 1652 2724 potuerunt.

387 2737 407 2768 5
432 2734 504 2768 Pro
531 2738 620 2769 ideo.
669 2732 720 2768 Cf.
754 2734 874 2769 Plaut.
906 2733 1044 2769 Cistell.
1071 2734 1098 2768 I.
1127 2739 1157 2770 3.
1185 2738 1239 2770 36.
1289 2737 1414 2771 Maius.

388 2794 408 2824 (5
433 2789 607 2833 Sequitur
632 2789 720 2825 Cod.
745 2802 781 2835 p.
808 2794 885 2833 250,
910 2801 1004 2834 quae
1028 2790 1104 2835 legi
1128 2791 1266 2835 nequit.
1317 2792 1450 2837 Incipit
1474 2792 1560 2827 Cod.
1588 2804 1623 2837 p.
1651 2795 1727 2827 249.

388 2848 406 2878 7
431 2844 598 2889 Utroque
622 2846 703 2880 loco
730 2845 912 2880 omittitur
935 2846 973 2880 in
991 2845 1124 2881 Codice
1149 2858 1375 2891 praenomen
1401 2851 1527 2886 Marci,
