1968 3158
246 137 300 179 96
528 135 575 170 M.
597 134 822 169 CORNELII
846 132 1123 169 FRoNToms
1147 118 1490 170 EPISTULARUM

246 251 331 292 vim
361 249 527 305 gaudii¹
562 249 645 289 mei
676 262 853 302 nequeo.
913 247 1006 290 Nec
1034 249 1078 297 te
1108 247 1344 290 recordatio
1377 249 1462 290 ista
1492 252 1659 306 urgeat,
1691 264 1772 293 nec

246 317 420 359 omnino
452 318 599 371 angat,
633 316 743 370 quod
773 315 853 357 tibi
885 315 1078 357 conscius
1111 330 1161 359 ,es
1195 330 1283 357 non
1314 318 1564 371 perpetuam
1600 332 1773 374 operam

247 385 512 439 eloquentiae
543 384 720 425 dedisse.
771 383 885 426 Nam
914 384 1097 439 ita12res
1127 383 1277 425 habet:
1308 384 1380 439 qui
1410 399 1568 441 magno
1597 386 1772 442 ingenio

249 452 462 507 praeditus
492 453 609 493 recta
647 451 716 493 via
754 452 806 493 ad
845 451 1132 506 eloquentiam
1162 452 1210 493 a3
1242 452 1453 507 principio
1482 453 1681 496 inductus
1711 456 1774 495 at-

246 535 326 574 que
356 520 581 561 institutus
610 519 755 574 fuerit,
788 520 960 561 tametsi
990 520 1206 561 interdum
1246 520 1505 562 concessarit
1543 523 1616 562 aut
1652 521 1773 563 resti-

245 587 360 642 terit,
407 587 480 628 ubi
519 587 704 642 primum
747 588 972 643 progredei
1018 588 1156 629 denuo
1201 590 1243 629 et
1280 603 1459 644 pergere
1495 589 1632 630 visum
1677 590 1772 644 erit,

247 656 443 709 coeptum
473 654 578 696 illud
615 656 698 697 iter
730 655 963 697 confecerit
1000 655 1159 696 setius4
1206 656 1388 698 fortasse
1429 656 1592 712 aliquo,
1631 657 1774 698 minus

245 725 390 764 tamen
421 722 568 765 nihilo.
603 717 736 765 (Irede
767 725 911 765 autem
941 723 1021 765 hoc
1050 724 1157 765 mihi
1181 724 1371 765 omnium
1401 724 1636 779 hominum,
1669 739 1774 780 quos

246 805 326 846 ego
358 791 643 846 cognoverim,
676 791 869 833 uberiore
901 806 1026 846 quam
1049 793 1096 833 tu
1126 792 1183 833 sis
1214 792 1391 847 ingenio
1419 792 1634 834 adfectum
1665 806 1774 834 com-

245 859 405 914 perisse
435 873 502 901 me
532 859 769 901 neminem:
808 860 919 914 quod
949 859 1119 914 quidem
1155 874 1234 914 ego
1264 875 1424 915 magna
1463 875 1558 901 cum
1595 860 1671 901 lite
1700 859 1774 902 Vi-

247 927 401 968 ctorini
431 928 570 969 nostri
600 929 643 968 et
672 941 832 982 magna
863 927 951 968 eius
982 942 1078 968 cum
1105 927 1190 969 bile
1219 928 1412 969 adiurare
1443 927 1644 982 solebam,
1679 942 1775 969 cum

247 1010 343 1036 eum
365 996 582 1051 adspirare
616 995 669 1036 ad
698 994 1062 1049 pulchritudinem
1091 995 1283 1050 ingenii⁵
1308 996 1371 1036 tui
1401 1009 1525 1050 posse
1554 1009 1772 1051 negarem.

247 1062 356 1104 Tum
392 1063 464 1104 ille
498 1078 616 1104 meus
654 1062 883 1104 Rusticus⁶
921 1077 1135 1116 romanus,
1175 1063 1247 1117 qui
1277 1063 1411 1104 vitam
1441 1078 1561 1104 suam
1590 1078 1668 1119 pro
1697 1078 1774 1106 un-

237 1131 418 1186 guiculo
456 1134 531 1172 tuo
567 1131 753 1172 libenter
788 1130 1022 1171 dediderita
1062 1132 1189 1185 atque
1227 1130 1454 1185 devoverit,
1503 1131 1554 1173 de
1598 1132 1775 1187 ingenio

245 1201 392 1240 tamen
422 1199 583 1240 invitus
615 1200 658 1239 et
687 1198 824 1239 tristis
856 1192 988 1253 aegre
1016 1197 1286 1239 concedebat.

359 1266 503 1307 Unum
533 1266 613 1307 tibi
643 1265 880 1320 periculum
909 1266 1006 1320 fuit,
1040 1266 1278 1320 Antonine,
1310 1266 1424 1307 idem
1445 1268 1556 1321 quod
1577 1267 1774 1309 omnibus

247 1335 319 1389 qui
351 1334 521 1375 sublimi
551 1334 728 1389 ingenio
759 1334 1007 1388 extiterunt,
1040 1349 1095 1375 ne
1125 1334 1426 1376 in verborum
1457 1335 1578 1390 copia
1609 1337 1652 1377 et
1681 1335 1773 1390 pul-

248 1402 489 1443 chritudine
521 1401 757 1444 clauderes:
797 1404 958 1457 quanto
997 1402 1109 1443 enim
1146 1401 1371 1456 ampliores
1409 1403 1648 1445 sententiae
1687 1418 1789 1445 cre-⁰

248 1472 388 1524 antur,
435 1471 558 1511 tanto
601 1470 816 1512 difficilius
862 1470 1001 1512 verbis
1045 1470 1336 1512 vestiunturb:
1381 1484 1462 1511 nec
1505 1471 1775 1513 mediocriter

246 1538 526 1579 laborandum
557 1539 634 1592 est,
676 1552 731 1579 ne
761 1552 962 1593 procerae
991 1537 1091 1579 illae
1122 1538 1361 1579 sententiae
1399 1537 1510 1579 male
1547 1538 1636 1579 sint
1673 1538 1774 1580 ami—

248 1608 355 1660 ctae,
388 1621 495 1648 neve
515 1606 757 1648 indecorius
780 1607 960 1661 cinctae,
982 1620 1090 1647 neve
1115 1605 1204 1647 sint
1224 1605 1507 1647 seminudaec.
1529 1605 1562 1663 1⁷
1579 1605 1774 1648 Memini-

247 1674 333 1715 stin
365 1674 454 1716 eius
485 1674 692 1715 orationis
721 1675 835 1729 tuae,
875 1689 1003 1729 quam
1032 1674 1206 1716 vixdum
1234 1674 1465 1729 pueritiam
1503 1688 1698 1729 egressus
1727 1674 1773 1716 in

361 1788 383 1811 a
407 1779 451 1811 In
475 1779 643 1821 maryz'ne:
670 1775 741 1818 Qui
764 1775 880 1811 vitam
905 1787 1010 1811 suam
1035 1796 1077 1800 —
1103 1775 1297 1813 dediderit.

360 1832 384 1867 b
411 1835 455 1867 In
479 1836 644 1877 margyz‘ne:
672 1831 818 1874 Quanto
844 1832 1043 1878 ampliores
1068 1852 1112 1857 —
1135 1831 1350 1867 vestiuntur.

360 1901 379 1924 c
408 1892 451 1924 In
475 1893 642 1934 maryz'ne:
668 1889 864 1933 Agendum
887 1900 934 1924 ne
959 1889 1031 1923 sint
1060 1889 1157 1924 male
1182 1889 1358 1932 amictae,
1388 1887 1596 1923 indecorius
1623 1888 1774 1933 cinctae,

246 1946 469 1981 seminudae.

364 2053 379 2082 1
408 2046 467 2083 Pr
494 2059 543 2083 m.
570 2049 612 2082 ut
635 2047 798 2083 videtur:
822 2052 938 2092 yaudi.

360 2110 379 2139 2
405 2104 539 2150 Incipit
565 2103 652 2139 eod.
678 2104 762 2139 Vat.
790 2116 825 2149 p.
846 2108 900 2139 92.

361 2166 380 2197 3
407 2161 546 2196 Codex:
572 2169 619 2196 at.

359 2222 380 2252 4
404 2219 461 2253 Ita
486 2217 620 2262 Codex,
645 2229 719 2253 non
741 2221 864 2254 serius.
904 2216 1061 2262 Videtur
1085 2229 1173 2253 sane
1197 2217 1335 2252 Fronto
1370 2216 1510 2252 imitari
1533 2216 1705 2252 Plautum
1729 2236 1773 2242 —-

247 2276 288 2309 ut
319 2286 431 2320 supra
460 2274 499 2309 in
520 2275 643 2319 ‚verbo
679 2288 881 2310 concessare
910 2294 955 2301 —
984 2274 1212 2310 Menaechm.
1238 2273 1282 2317 V,
1301 2278 1333 2317 7,
1351 2277 1404 2317 57,
1429 2273 1493 2308 ubi
1518 2273 1670 2309 Codices
1698 2273 1774 2308 mei

246 2331 388 2367 habent
410 2336 515 2367 setius
540 2332 577 2366 et
600 2335 726 2374 secius,
757 2342 833 2366 non
855 2334 994 2374 sectius,
1032 2331 1133 2366 cuius
1163 2331 1374 2376 postremae
1406 2330 1611 2376 scripturae
1634 2330 1774 2365 frustra

245 2389 402 2424 fortasse
432 2388 616 2424 rationem
645 2387 760 2423 habet
790 2387 1024 2423 Forcellinus.
1081 2379 1226 2422 Confer=
1245 2388 1371 2422 autem
1395 2386 1555 2422 Gellium
1577 2386 1714 2430 XVIII,
1739 2391 1770 2422 9.

246 2444 311 2479 ubi
339 2445 432 2480 item
461 2445 587 2490 legere
617 2444 742 2480 malim
772 2449 887 2480 setius.
935 2446 1064 2481 Maius.
1121 2443 1177 2478 De
1209 2443 1364 2488 antiqua
1391 2444 1513 2479 forma
1541 2447 1665 2479 sectius
1696 2442 1774 2488 egit

246 2500 466 2536 Ritschelius
490 2502 587 2537 Prol.
615 2501 778 2537 Trinum.
805 2513 840 2547 p.
859 2501 1000 2536 LXXV.
1030 2500 1256 2535 Fleckeisen.
1273 2500 1366 2535 Mus.
1385 2500 1501 2535 Rhen.
1520 2500 1617 2535 VIII.
1641 2512 1678 2546 p.
1693 2503 1770 2535 221.

359 2562 379 2593 5
405 2557 493 2593 Cod.
518 2571 573 2604 pr.
600 2562 796 2604 m.·inyeni.
1744 2597 1751 2604 ,

360 2618 380 2648 6
404 2613 459 2649 De
475 2614 592 2650 Marci
615 2615 782 2660 impenso
801 2625 892 2660 erga
907 2613 1099 2649 Rusticum
1124 2613 1245 2649 studio
1272 2613 1361 2649 satis
1378 2613 1468 2649 dicit
1479 2612 1674 2658 Capitolin.
1694 2623 1723 2648 c.
1738 2617 1770 2648 3.

246 2669 334 2705 Eius
361 2671 509 2706 consilio
526 2671 672 2706 Marcus
697 2682 735 2706 se
761 2671 808 2706 ab
833 2669 1027 2706 rhetoricis
1053 2670 1235 2706 exercitiis
1260 2670 1489 2706 abstractum
1512 2669 1624 2704 fuisse
1649 2668 1703 2704 ait
1726 2668 1772 2703 de

248 2727 325 2761 reb.
352 2727 426 2761 suis
451 2728 478 2771 I,
497 2731 527 2763 7.
582 2727 828 2763 Nihilominus
858 2726 1009 2762 Rustico
1046 2737 1157 2772 saepe
1188 2738 1225 2762 se
1255 2726 1411 2762 innocue
1442 2725 1690 2761 succensuisse
1719 2724 1772 2760 ait

247 2782 394 2818 Marcus
420 2784 466 2818 de
489 2784 581 2819 Reb.
609 2797 635 2819 s.
662 2785 689 2828 I,
708 2788 760 2820 17.
809 2786 935 2819 Maius.

361 2843 379 2875 7
405 2839 538 2886 Incipit
563 2839 650 2875 eod.
676 2839 822 2885 Vat-p.
842 2844 895 2875 91.
