1968 3158
257 153 311 199 62
537 152 584 189 M.
605 149 829 188 CORNELII
853 147 1129 187 FRoN'role
1154 146 1495 189 EPISTULARUM

257 271 453 323 temptat,
488 281 619 321 eoque
648 266 789 307 minus
819 265 1094 320 praecipitat3
1140 266 1379 308 diffidentia
1423 268 1614 322 profecto
1654 267 1780 310 auda-

259 338 366 377 ciam
396 334 632 390 prohibeta.
693 333 756 374 At
783 333 857 374 ubi
887 336 981 388 quis
1011 334 1163 376 leviter
1193 334 1294 389 quid
1325 335 1545 390 cognitum
1573 351 1651 391 pro
1683 351 1780 378 con-

256 405 376 457 perto
396 403 427 458 ss¹
465 402 668 454 ostentat,
705 400 817 441 falsa
854 401 1010 443 fiducia
1047 401 1328 444 multifariam
1357 402 1530 446 labitur.
1590 404 1780 446 Philoso-

256 470 380 524 phiae
411 483 575 524 quoque
606 468 853 523 disciplinas
885 469 1006 511 aiunt
1036 470 1168 511 satius
1199 485 1290 512 esse
1310 485 1543 526 numquam
1568 472 1778 527 attigisse,

256 552 382 591 quam
411 535 561 577 leviter
597 537 639 577 et
677 536 949 591 primoribus,
988 539 1036 578 ut
1067 537 1236 592 dicitur7
1277 538 1404 580 labiis
1434 538 1661 594 delibasse3
1693 554 1780 582 eos-

255 619 334 659 que
364 603 587 661 provenire
617 603 985 660 maliffiosissimos,
1019 605 1090 661 qui
1110 606 1157 647 in
1186 606 1396 648 vestibulo
1427 607 1532 648 artis
1552 606 1778 662 obversati⁷

254 672 372 726 prius
409 672 508 713 inde
549 671 783 713 averterint
826 687 954 727 quam
992 675 1315 728 penetraverint
1328 675 1358 715 ¹).
1420 674 1583 717 Tamen
1628 676 1693 716 est
1734 675 1781 716 in

256 740 350 780 aliis
395 739 558 780 artibus
602 739 675 780 ubi
719 739 935 782 interdum
975 740 1236 797 delitiscas²‚
1284 744 1326 784 et
1363 743 1525 797 peritus
1563 742 1804 797 paulisper·

254 807 436 848 habeare
467 807 579 862 quod
607 807 787 849 nescias.
848 808 901 849 In
937 808 1078 850 verbis
1113 824 1212 851 vero
1243 809 1450 865 eligendis
1490 810 1780 852 conlocandis-

254 890 334 930 que
364 875 462 916 ilico
493 874 671 917 dilucet:
720 890 801 917 nec
845 876 975 917 verba
1020 877 1120 918 dare
1161 877 1320 919 diutius
1357 879 1500 933 potest
1511 887 1539 932 θ,
1587 878 1691 933 quin
1735 892 1780 920 se

253 943 343 997 ipse
373 942 536 985 indicet
565 931 791 984 verborum
821 943 1022 999 ignarum
1053 959 1157 999 esse,
1199 959 1330 1000 eaque
1359 946 1470 987 male
1499 946 1695 1001 probare,
1738 948 1781 987 et

253 1013 411 1052 temere
443 1010 699 1065 existimare,
733 1013 777 1052 et
805 1011 939 1059 inscie
971 1013 1251 1067 contrectare,
1283 1027 1422 1068 neque
1450 1013 1622 1055 modum
1642 1028 1780 1069 neque

252 1079 417 1134 pondus
447 1078 565 1121 verbi
593 1079 846 1121 internosse.

366 1146 503 1196 Quam
532 1147 586 1188 ob
617 1161 707 1188 rem
736 1147 823 1188 rari
854 1148 1081 1190 admodum
1110 1151 1301 1191 veterum
1332 1149 1588 1205 scriptorum
1616 1150 1663 1191 in
1685 1163 1781 1192 eum

253 1215 468 1257 laborem3
499 1215 768 1271 studiumque
804 1218 847 1258 et
873 1217 1111 1271 periculum
1147 1217 1277 1258 verba
1315 1217 1616 1259 industriosius
1655 1233 1780 1273 quae-

253 1283 374 1325 rendi
412 1298 503 1325 sese
548 1284 808 1325 commisere.
870 1284 1099 1326 Oratorum
1141 1286 1238 1340 post
1275 1284 1469 1327 homines
1509 1287 1634 1327 natos
1669 1300 1780 1327 unus

253 1351 443 1393 omnium
472 1350 531 1392 M.
554 1350 730 1393 Porcius
762 1351 934 1407 eiusque
963 1352 1165 1408 frequens
1203 1354 1389 1394 sectator
1418 1352 1484 1395 (9.4
1506 1352 1779 1395 Sallustiusd:

253 1422 503 1474 poetarume
540 1420 725 1461 maxime
755 1419 948 1474 Plautus,
981 1421 1115 1463 multo
1149 1421 1415 1476 maximeque
1445 1420 1627 1476 Ennius,
1667 1436 1780 1464 eum-

254 1502 333 1542 que
363 1487 550 1529 studiose
582 1487 819 1529 aemulatus
850 1487 896 1530 L.
922 1487 1104 1542 CoeHus,
1136 1503 1217 1530 nec
1246 1503 1336 1530 non
1366 1488 1554 1530 Naevius
1565 1490 1595 1544 ⁵,
1627 1488 1779 1531 Lucre-

252 1556 352 1610 tius,
385 1555 543 1597 Accius
575 1555 718 1609 etiam,
752 1554 975 1610 Caecilius,
1007 1555 1212 1597 Laberius
1244 1571 1421 1612 quoque.
1468 1556 1582 1598 Nam
1610 1558 1781 1612 praeter

208 1642 220 1647 “
253 1623 342 1678 hos,
389 1623 547 1678 partim
591 1624 847 1678 scriptorum
878 1624 1192 1666 animadvertas
1222 1624 1516 1679 particulatim
1554 1624 1777 1680 elegantis,

253 1690 439 1733 Novium
469 1693 512 1733 et
541 1691 646 1733 Pom
670 1691 701 1747 1⁰
722 1692 900 1746 ponium
924 1693 966 1733 et
985 1691 1029 1733 id
1059 1706 1196 1747 genus
1217 1692 1263 1733 in
1284 1692 1449 1734 verbis⁷
1479 1692 1707 1734 rusticanis
1738 1694 1781 1734 et

252 1759 510 1801 iocularibus
550 1774 599 1801 ac
638 1759 908 1814 ridiculariis7
941 1759 1094 1801 Attam
1130 1760 1176 1802 in
1213 1759 1511 1815 muliebribus,
1553 1759 1780 1803 Sisennam

252 1828 298 1868 in
335 1827 572 1882 lasciviis&
614 1827 823 1869 Lucilium
852 1828 898 1869 in
931 1828 1132 1883 cuiusque
1171 1828 1276 1869 artis
1307 1843 1357 1870 ac
1386 1829 1550 1884 negotii
1580 1828 1776 1883 propriis.

366 1952 388 1975 a
413 1943 457 1975 In
481 1944 646 1985 margine:
671 1939 886 1976 Diffidentia
1134 1941 1318 1986 prohibet.

365 1997 389 2032 b
414 1999 460 2031 In
483 2001 648 2041 margine:
679 1996 957 2032 Malitiosissimi
981 1999 1066 2032 sunt
1091 1997 1151 2041 qui
1175 1997 1214 2032 in
1238 1998 1419 2033 vestibulo
1445 1998 1647 2042 obversati,
1676 1998 1779 2044 prius

251 2053 338 2089 inde
364 2053 576 2096 averterint,
603 2065 715 2098 quam
738 2053 1026 2098 penetraverint.
1288 2068 1290 2070 ·

367 2121 386 2144 c
408 2113 453 2144 In
477 2113 644 2155 margine:
674 2110 716 2144 In
739 2109 862 2144 verbis
887 2109 1066 2155 eligendis
1089 2111 1206 2145 verba
1230 2110 1318 2146 dare
1343 2122 1451 2146 nemo
1467 2112 1610 2156 potest3
1635 2111 1674 2146 in
1698 2111 1779 2147 aliis

252 2167 377 2201 tamen
391 2166 534 2201 artibus
546 2166 734 2201 interdum
743 2166 926 2201 delitiscas
941 2167 978 2201 et
984 2166 1124 2212 peritus
1137 2167 1326 2212 paulisper
1337 2167 1500 2203 habeare
1514 2168 1613 2212 quod
1625 2169 1777 2204 nescias.

366 2223 390 2257 d
414 2226 459 2258 In
482 2227 648 2268 margine:
689 2223 840 2258 Porcius
873 2222 963 2258 Cato
1000 2235 1092 2258 unus
1128 2223 1291 2258 omnium
1325 2223 1447 2259 verbis
1483 2225 1704 2269 quaerendis
1740 2236 1778 2260 se

254 2279 436 2314 commisit
460 2280 611 2324 eiusque
635 2281 807 2324 frequens
832 2280 994 2315 sectator
1019 2279 1133 2316 Gaius
1159 2279 1364 2315 Sallustius.

366 2348 385 2372 e
410 2339 454 2371 In
478 2341 644 2382 marffl'ne:
675 2335 744 2379 Qui
767 2337 902 2382 poetae
926 2336 1049 2375 verbis
1074 2337 1303 2372 studuerunt.

368 2465 384 2496 1
411 2460 544 2506 Incipit
570 2461 657 2497 Cod.
684 2461 767 2497 Vat.
794 2474 830 2507 p.
851 2465 925 2498 175.

366 2522 386 2552 2
411 2518 469 2552 Ita
494 2517 627 2553 Codex.

366 2579 386 2609 3
412 2574 552 2610 Codex:
578 2577 737 2611 laborum.

366 2634 387 2664 4
411 2631 469 2665 Ita
491 2630 529 2665 in
554 2631 728 2666 contextu
754 2630 790 2666 C.
816 2630 854 2665 in
879 2630 1047 2676 margine
1073 2631 1114 2667 G.

367 2691 386 2721 5
411 2687 513 2722 Haec
535 2687 610 2722 tria
632 2688 748 2722 verba
772 2687 878 2723 addit
903 2699 972 2723 sec.
999 2700 1047 2722 m.

367 2746 387 2776 6
411 2742 546 2788 Incipit
570 2743 658 2779 Cod.
683 2743 803 2779 Vatic.
830 2756 866 2789 p.
886 2748 962 2779 146.

368 2802 385 2833 7
412 2799 567 2833 Orellius
593 2800 640 2835 ad
663 2800 751 2835 Hor.
777 2800 893 2846 Epist.
912 2801 956 2835 ΙΙ.
978 2806 1007 2835 1.
1027 2805 1084 2836 79:
1110 2803 1284 2844 ἀὶυενόἱίε,
1307 2800 1368 2835 vix
1392 2800 1503 2836 recte.

367 2857 387 2889 8
413 2853 500 2890 Cod.
526 2867 596 2891 sec.
621 2867 686 2891 m.:
713 2861 862 2893 lascivia.
910 2855 1044 2892 Maius:
1069 2860 1212 2892 lascivis.
