1968 3158
268 181 319 222 14
548 179 595 212 M.
623 175 847 211 CORNELII
871 172 1148 209 FRONTONIS
1173 172 1515 210 EPISTULARUM

266 293 570 335 succlamatum
602 290 685 330 est:
727 287 878 332 ἀξίως1
917 290 996 330 τοῦ
1027 280 1222 346 nonnos).
1292 287 1374 330 Sed
1405 288 1516 343 quod
1553 290 1601 330 tu
1638 288 1792 331 merito

264 361 458 402 omnibus
488 358 738 412 praeoptas,
777 369 863 396 non
897 355 969 396 diu
1000 355 1184 397 differas.
1255 355 1323 397 Ita
1355 356 1549 398 adfectus
1580 358 1644 398 est
1674 357 1791 399 audi-

262 428 378 469 tione
409 423 578 466 eorum²
607 423 817 465 Dominus
847 437 966 464 meus
975 456 986 477 ,
1028 424 1077 464 ut
1114 438 1252 479 paene
1281 423 1458 466 moleste
1487 423 1640 479 ferret,
1680 425 1792 480 quod

262 495 345 536 alio
375 493 497 534 modo
529 492 582 533 ad
611 491 836 546 negotium
869 491 1084 534 3venlurus
1113 500 1229 538 esset,
1270 506 1399 547 quam
1430 506 1479 534 eo
1509 506 1592 547 quo
1620 494 1670 534 tu
1698 506 1791 534 ora-

259 563 420 603 tionem
441 559 680 600 habiturus.
727 558 820 600 Ita4
850 573 995 614 veram
1017 573 1218 601 sensuum
1238 560 1506 614 facultatem,
1539 559 1791 601 elocutionis

259 629 422 671 variam
458 627 682 682 virtutem,
721 627 984 669 inventionis
1024 627 1238 682 aliquam⁵
1278 629 1534 679 novitatem,
1585 627 1790 669 orationis

259 697 427 738 doctam
459 695 782 749 dispositionem
812 694 1087 737 vehementer
1116 696 1296 738 miratus
1329 697 1419 738 est6
1453 729 1639 737 .....
1673 709 1788 750 opes.

259 765 434 814 Quaeris
473 762 574 818 quid
610 778 678 805 me
716 763 926 805 maxime⁷
968 796 1287 805 ........
1357 763 1440 818 „In
1477 763 1545 805 his
1583 763 1709 805 rebus
1747 764 1792 804 et

259 832 396 874 causis
427 831 576 886 quidni
597 831 742 872 rivalis
763 831 1000 873 iudicibus*
1034 863 1662 874 ...............
1697 846 1789 873 sen-

257 898 420 942 tentia9
455 932 463 940 .
496 931 503 939 .
531 931 539 939 .
566 931 574 939 .
601 932 609 940 .
642 899 758 940 intra
775 899 804 925 ¹⁰
838 913 1064 940 causarum
1089 899 1155 954 del
1172 899 1330 940 ¹¹mum
1349 899 1600 941 terminos¹²
1620 899 1788 954 valent3

258 968 342 1009 tuis
382 968 526 1008 autem
565 966 770 1020 decretis,
811 967 938 1021 imp.,
980 966 1174 1021 exempla
1205 966 1374 1021 publice
1404 967 1589 1008 valitura
1619 967 1666 1009 in
1695 982 1788 1022 per-

256 1037 431 1090 petuum
462 1034 728 1076 sanciuntur.
788 1034 929 1075 Tanto
958 1034 1095 1076 maior
1124 1034 1204 1076 tibi
1235 1035 1298 1076 vis
1330 1037 1373 1076 et
1402 1037 1612 1090 potestas,
1659 1049 1789 1091 quam

256 1103 359 1144 fatis
389 1102 606 1144 adtributa
638 1104 721 1144 est:
752 1102 867 1156 fata,
901 1102 1002 1156 quid
1032 1102 1216 1157 singulis
1245 1104 1442 1145 nostrum
1472 1103 1664 1158 eveniat,
1704 1105 1788 1145 sta-

217 1167 220 1171 *
256 1173 404 1225 tuunt3
435 1172 497 1224 tu,
530 1170 601 1211 ubi
635 1170 737 1225 quid
756 1169 803 1211 in
824 1169 1017 1225 singulos
1039 1170 1247 1224 decernis,
1280 1171 1341 1212 ibi
1365 1171 1585 1213 universos
1599 1171 1630 1197 ¹3
1651 1185 1788 1213 exem-

256 1239 327 1293 plo
365 1237 658 1292 adstringis¹⁴.
721 1236 860 1286 Quare
899 1237 935 1279 si
972 1237 1054 1279 hoc
1103 1237 1322 1280 decretum
1358 1239 1439 1280 tibi
1476 1239 1789 1294 proconsulis¹⁵

256 1307 489 1361 placuerit,
540 1306 723 1347 formam
768 1305 932 1347 dederis
982 1306 1180 1347 omnibus
1231 1306 1422 1348 omnium
1469 1307 1789 1362 provinciarum

255 1373 604 1429 magistratibus,
638 1373 739 1428 quid
768 1373 815 1415 in
846 1373 1052 1428 eiusmodi
1074 1374 1213 1416 causis
1235 1374 1483 1417 decernant.
1523 1373 1630 1424 Quid
1653 1375 1788 1431 igitur

256 1441 454 1483 eveniet?
502 1441 608 1482 illud
645 1441 830 1496 scilicet,
882 1444 931 1483 ut
968 1443 1230 1484 testamenta
1268 1443 1412 1484 omnia
1451 1457 1501 1484 ex
1538 1442 1787 1499 longinquis

255 1509 685 1564 transmarinisque¹⁶
730 1509 962 1565 provinciis
1000 1509 1182 1552 Romam
1229 1510 1283 1551 ad
1329 1510 1620 1566 cognitionem
1666 1513 1784 1552 tuam
1843 1519 1853 1526 ’

255 1577 516 1619 deferantur.
556 1577 690 1619 Filius
722 1578 995 1620 exeredatum
1026 1593 1070 1620 se
1092 1578 1394 1634 suspicabitur,
1427 1579 1708 1634 postulabit¹⁷
1731 1593 1787 1621 ne

346 1775 361 1805 1
386 1770 504 1806 Maius
520 1770 612 1805 nihil
629 1770 804 1807 distinxit.
841 1771 965 1808 Codex
982 1771 1127 1807 videtur
1144 1770 1300 1807 habere:
1328 1773 1368 1807 Αῑ
1383 1771 1466 1808 lOC.
1491 1769 1648 1818 Saepeo
1661 1783 1730 1818 pro
1744 1773 1784 1808 Ω.

343 1833 363 1862 2
387 1827 489 1863 Haec
514 1828 585 1862 duo
611 1828 794 1863 vocabula
818 1828 1035 1863 exciderunt
1058 1828 1096 1862 in
1122 1828 1178 1863 ed.
1203 1829 1310 1863 Rom.

344 1889 364 1919 3
388 1883 477 1919 Maii
501 1885 810 1930 supplementum.
858 1885 902 1920 In
927 1896 1029 1930 seqq.
1056 1885 1174 1920 multa
1198 1884 1308 1921 hodie
1335 1885 1562 1921 oblitterata.

343 1945 364 1975 4
388 1941 446 1976 Ita
469 1941 586 1976 Maius
613 1942 784 1977 correxit.
832 1942 1002 1987 Legebat
1026 1945 1133 1986 infra.
1524 1979 1526 1981 .

344 2001 363 2032 5
387 1998 466 2032 Hoc
492 1999 590 2033 certe
607 1998 830 2034 vocabulum
847 1995 1062 2044 corruptum
1080 1999 1146 2034 est.
1184 1998 1334 2034 Amicus
1360 2010 1461 2035 meus
1484 1999 1581 2034 hanc
1606 1999 1784 2045 epistolae

252 2054 399 2098 partem
422 2054 460 2089 in
486 2054 619 2090 Codice
643 2067 718 2091 non
741 2055 865 2101 potuit
889 2055 1126 2101 distinguere.
1174 2055 1274 2090 Malo
1299 2056 1393 2090 fere:
1420 2061 1614 2102 eleyantem.

343 2114 362 2145 6
389 2111 525 2157 Supple
551 2111 746 2148 duodecim
770 2113 887 2148 ferme
911 2112 1066 2148 litteras.

344 2172 361 2202 7
389 2166 525 2213 Supple
555 2180 703 2204 versum
732 2181 846 2204 unum
876 2168 1031 2205 circiter.
1094 2168 1266 2214 Sequitur
1295 2170 1448 2215 longum
1478 2170 1733 2215 fragmentum
1764 2182 1783 2206 e

253 2223 449 2260 Frontonis
474 2225 641 2261 oratione
666 2226 715 2261 ad
737 2226 967 2262 Antoninum
991 2226 1107 2262 Pium.

343 2285 363 2316 8
389 2280 525 2327 Supple
552 2282 642 2318 duos
666 2295 801 2319 versus,

344 2342 363 2373 9
390 2337 527 2383 Supple
552 2351 614 2375 sex
638 2341 715 2375 fere
739 2340 894 2376 litteras.

323 2398 363 2429 10
388 2394 467 2430 Hoc
490 2396 713 2431 vocabulum
736 2397 834 2443 fugit
857 2397 947 2432 Maii
971 2396 1099 2433 aciem.

323 2455 361 2485 11
388 2451 521 2497 Incipit
545 2452 631 2489 Cod.
659 2454 831 2489 Ambros.
857 2467 893 2500 p.
913 2458 966 2490 91.
1015 2453 1134 2489 Maius
1164 2454 1202 2489 in
1227 2454 1465 2500 disponendis
1495 2453 1592 2489 foliis
1617 2454 1783 2499 graviter

254 2507 400 2542 erravit.
1069 2515 1074 2521 '

323 2568 362 2598 12
387 2564 589 2610 Pei-peram
613 2566 732 2602 Maius
757 2571 952 2603 terminare.
1001 2568 1077 2603 Nos
1101 2567 1316 2613 legebamus
1342 2572 1510 2604 termines.

324 2659 364 2689 13
390 2654 513 2691 Codex
535 2657 682 2692 videtur
705 2658 844 2693 habere
863 2623 1126 2693 IliilNIUERSRS.

324 2715 364 2745 14
388 2711 619 2748 Vocabulum
642 2714 753 2750 hodie
778 2714 986 2750 evanidum.

324 2771 364 2802 15
389 2767 494 2803 Cod.:
520 2783 656 2813 procos,

326 2827 364 2856 1ss
390 2823 449 2858 Sic
474 2824 612 2860 Codex:
639 2832 906 2874 transmarinisq.

326 2882 364 2913 17
391 2879 528 2915 Codex:
554 2887 745 2925 postulavit.
