1968 3158
436 169 502 207 AD
526 169 574 207 M.
595 167 852 207 CAESAREM
876 169 938 207 ΕΤ
965 168 1168 209 INVICEM
1192 169 1340 206 LIRER·
1363 168 1441 205 1111.
1665 170 1720 212 (ἶς’)

175 289 322 330 menta
367 286 509 329 lavere
559 286 701 343 potius
747 301 875 343 quam
919 286 1094 328 lavare?
1145 286 1341 328 sudorem
1385 285 1529 328 lavare
1574 286 1719 342 potius

175 370 304 411 quam
335 355 508 398 abluere
539 355 713 398 dicere?
762 355 859 397 Tibi
891 369 991 397 vero
1029 369 1155 397 nemo
1195 355 1242 397 in
1281 370 1331 398 ea
1367 370 1413 397 re
1451 355 1719 398 intercedere

176 426 251 466 aut
281 423 551 467 modificare¹
585 424 677 466 iure
708 423 795 466 ullo
816 423 990 479 poterit,
1023 423 1096 479 qui
1121 423 1178 465 sis
1209 423 1382 466 liberis²
1407 422 1438 479 {³
1460 425 1715 480 prognatus,

176 494 220 535 et
249 492 441 549 equitum
481 507 655 535 censum
693 491 1046 548 praetervehare,
1095 493 1139 533 et
1176 492 1222 533 in
1262 494 1416 534 senatu
1455 492 1719 534 sententiam

174 575 347 618 rogere:
386 576 465 603 nos
503 575 603 604 vero
641 560 714 616 qui
752 560 974 602 doctorum
1008 558 1182 602 auribus
1230 560 1428 603 servituti
1467 560 1718 602 serviendae

175 632 345 672 nosmet
384 629 576 672 dedimus
587 631 617 684 ⁴,
649 642 824 671 necesse
865 630 931 670 est
971 628 1146 670 tenuia⁵
1177 643 1344 684 quoque
1365 628 1452 671 ista
1483 629 1527 671 et
1548 629 1718 670 minuta

176 712 342 740 summa
388 713 486 740 cum
518 711 620 739 eura
663 711 984 753 persequamur.
1046 695 1192 738 Verba
1222 710 1373 752 prosus
1412 696 1483 738 alii
1515 699 1636 739 vecte
1677 699 1719 739 et

175 765 342 821 malleo,
385 767 433 808 ut
463 765 618 820 silices,
657 765 917 820 moliuntur3
958 764 1031 806 alii
1071 766 1216 807 autem
1248 765 1392 807 caeloss
1430 766 1473 806 et
1510 765 1716 819 marculo,

175 836 224 877 ut
261 834 521 891 gemmulas,
569 834 881 890 exculpunt⁷²¹z
927 835 971 875 te
1018 833 1194 889 aequius
1233 833 1316 875 erit
1355 833 1409 875 ad
1446 834 1717 889 quaerenda8

175 902 391 946 sollertius
429 903 573 958 verba,
623 902 735 959 quod
775 903 990 945 correctus
1029 901 1086 944 sis
1124 902 1386 957 meminisse,
1434 917 1562 957 quam
1607 903 1718 958 quod

175 971 536 1028 depraehe11sus⁹,
578 971 820 1014 detractare
852 972 928 1012 aut
962 970 1186 1012 retardari.
1248 969 1362 1012 Nam
1398 971 1435 1012 si
1473 971 1718 1026 quaerendo

175 1040 413 1095 desistesw,
446 1055 681 1096 numquam
711 1040 920 1095 reperies3
960 1039 996 1080 si
1034 1052 1190 1095 perges
1227 1053 1451 1094 quaerere,
1485 1040 1715 1095 repperies.

175 1108 372 1165 Denique
403 1109 519 1151 visus
549 1124 594 1151 es
626 1109 757 1151 etiam
787 1107 894 1150 mihi
924 1107 1102 1163 insuper
1130 1107 1354 1162 habuisse,
1390 1122 1486 1150 cum
1523 1108 1718 1150 ordinem

174 1177 334 1219 verbi¹¹
370 1177 432 1219 tui
464 1177 774 1232 immutassem,
806 1176 872 1218 uti
903 1178 1004 1218 ante
1033 1175 1271 1231 tricipitem
1292 1175 1456 1218 diceres
1487 1191 1615 1232 quam
1637 1176 1718 1218 Ge-

175 1260 356 1301 ryonam
385 1246 646 1288 nominares.
708 1245 759 1287 Id
789 1259 956 1301 quoque
987 1259 1043 1287 ne
1073 1244 1270 1300 ignores:
1314 1244 1518 1301 pleraque
1548 1245 1595 1287 in
1626 1259 1717 1286 ora-

174 1314 306 1369 tione,
340 1314 490 1357 ordine
518 1314 756 1369 inmutato,
801 1314 867 1356 vel
906 1315 1002 1355 rata
1042 1313 1172 1355 verba
1209 1313 1322 1355 fiunt
1358 1313 1427 1355 vel
1465 1327 1716 1369 supervaca-

114 1412 116 1415 -
174 1382 297 1425 neah.
343 1382 511 1425 Navem
540 1383 761 1425 triremem
791 1383 873 1424 rite
904 1381 1105 1437 dixerim3
1135 1381 1356 1424 triremem
1385 1396 1542 1424 navem
1573 1397 1716 1437 super-

175 1466 363 1507 vacaneo
395 1451 643 1493 addiderim.
675 1451 826 1507 Neque
858 1451 974 1493 enim
1003 1450 1242 1506 periculum
1273 1452 1352 1505 est,
1386 1465 1441 1492 ne
1472 1450 1567 1505 quis
1597 1451 1743 1493 lecti-x

177 1519 317 1562 culam
358 1522 433 1562 aut
477 1520 624 1562 redam
656 1522 731 1562 aut
778 1519 1036 1562 citharam¹²
1081 1519 1302 1561 triremem
1340 1518 1424 1560 dici
1470 1518 1714 1561 arbitretur.

175 1587 285 1630 Tum
314 1588 583 1644 praeterea¹3
613 1603 740 1644 quom
775 1602 1142 1642 commemorares,
1185 1602 1259 1629 cur
1279 1586 1477 1629 Parthi¹⁴
1505 1587 1717 1629 manuleis

175 1655 410 1698 laxioribus
451 1658 690 1712 uterentur,
729 1657 804 1712 ita,
845 1659 1019 1712 opinor,
1066 1655 1292 1711 scripsisti,
1342 1659 1570 1698 intervallis
1600 1661 1719 1698 vestis

293 1804 315 1829 a
340 1796 383 1828 In
408 1798 576 1839 margine:
603 1793 676 1829 Alii
699 1793 817 1829 verba
840 1793 924 1828 vete
951 1793 1027 1837 (sie)
1058 1792 1117 1828 vel
1141 1791 1276 1828 malleo
1309 1792 1347 1827 et
1370 1791 1471 1828 silice
1496 1793 1717 1838 moliuntur;

175 1849 239 1885 alii
263 1850 391 1886 caeolo
417 1851 493 1895 (sic)
519 1851 557 1886 et
580 1850 758 1894 marculo,
783 1851 826 1885 ut
850 1849 914 1895 qui
939 1860 1108 1894 gemmas
1133 1849 1344 1895 exculpunt.

289 1907 314 1942 b
339 1910 385 1942 In
409 1911 580 1953 margine:
606 1908 649 1942 In
673 1907 762 1942 alio:
788 1917 1029 1952 supervacua.

293 2062 307 2090 1
334 2055 522 2091 Usitatum
548 2057 606 2091 est
629 2059 831 2101 modificari.
881 2058 1035 2092 Orellius.

289 2117 309 2148 2
334 2113 375 2148 In
402 2112 491 2149 cod.
517 2112 716 2159 repetitur:
743 2116 870 2150 liberis.
921 2111 1096 2148 Orellius:
1121 2115 1207 2148 liber
1231 2115 1349 2148 liberis
1371 2121 1573 2159 proynaeusr.

177 2192 191 2204 ›
231 2212 235 2214 ,
289 2175 309 2205 3
334 2169 468 2215 Incipit
493 2169 581 2205 Cod.
607 2169 693 2206 Vat.
719 2182 756 2216 p.
777 2174 851 2205 151.

289 2231 311 2261 4
336 2226 512 2262 Orellius:
539 2231 738 2263 dedidimus.

290 2289 310 2320 5
333 2284 440 2319 Hanc
462 2294 593 2319 vocem
616 2283 736 2319 Maius
759 2283 798 2318 in
821 2283 992 2330 margine
1016 2283 1109 2319 vidit
1134 2283 1335 2329 repetitam
1359 2285 1400 2319 ut
1423 2285 1640 2321 notabilem.

283 2346 310 2377 .ss
333 2341 376 2376 In
400 2339 580 2386 marginis
603 2352 681 2376 var.
707 2341 791 2376 lect.
818 2341 936 2376 latere
960 2340 1106 2377 videtur
1130 2342 1253 2376 forma
1276 2345 1418 2377 cuelolo.

290 2402 309 2433 7
335 2397 424 2433 cod.
449 2410 505 2443 pr.
532 2409 580 2433 m.
607 2402 802 2443 eccezclpent.
1180 2395 1182 2397 ’

290 2459 310 2490 8
335 2454 424 2490 Cod.
449 2467 505 2500 pr.
531 2466 580 2489 m.
609 2459 798 2500 querenda.

291 2516 311 2547 9
337 2510 495 2547 Orellius
520 2511 677 2547 mavult:
704 2515 944 2555 reprehensus.

269 2573 311 2605 10
336 2568 425 2604 Cod.
451 2580 506 2614 pr.
533 2581 582 2603 m.
609 2572 787 2604 desistens.

270 2665 307 2695 11
336 2659 475 2695 Codex:
500 2624 627 2695 UERIi.

271 2722 310 2752 12
336 2715 476 2752 Codex:
501 2720 680 2753 obituram.

269 2779 311 2810 13
336 2773 476 2810 Codex:
501 2781 698 2819 praetereo.

271 2835 313 2866 14
337 2830 449 2866 Vides
473 2841 682 2866 sermonem
707 2841 784 2866 esse
803 2828 848 2865 de
865 2830 913 2866 M.
930 2828 1098 2866 Caesaris
1115 2830 1283 2866 oratione
1301 2829 1337 2866 in
1356 2832 1487 2867 senatu
1506 2832 1583 2867 sine
1601 2833 1714 2870 dubio

178 2886 346 2931 recitata,
372 2887 409 2922 in
434 2899 508 2933 qua
533 2888 578 2923 de
603 2888 714 2922 rebus
738 2887 922 2923 Parthicis
947 2889 1071 2923 actum
1097 2889 1162 2923 est.
1216 2891 1340 2924 Μαίης.

225 2968 360 2991 FRONT.
378 2967 424 2990 ΕΤ
442 2969 577 2992 AUREL.
596 2968 716 2991 EPls'r.
1414 2947 1442 2990 5
