1968 3158
495 142 560 182 AD
585 142 634 180 M.
653 141 911 180 CAESAREM
936 140 998 179 ΕΤ
1023 138 1227 178 INVICEM
1254 138 1399 177 LIBER.
1422 137 1483 176 III.
1705 138 1761 183 49

210 262 367 316 sabula
398 262 424 304 d
457 295 465 304 .
500 295 508 303 .
544 295 551 303 .
586 260 776 316 perfecte
808 258 1057 301 absolberiS.
1105 257 1344 300 Plurimum
1374 257 1455 299 tibi
1485 256 1532 298 in
1564 256 1760 299 oratione

215 331 415 374 facienda
457 364 465 373 .
501 364 510 372 .
545 364 554 372 .
594 332 687 372 tuni
733 330 847 371 certe
887 328 1058 384 quidem
1098 326 1273 369 cottidie
1314 360 1322 368 .
1358 360 1366 368 .
1401 360 1410 368 .
1452 340 1502 367 ex
1548 324 1761 382 Iugurtha

217 401 292 442 aut
313 414 363 442 ex
386 398 588 442 Catilina.
621 398 715 442 Diis
736 396 936 453 propitiis
957 411 1086 451 quom
1107 395 1289 437 Romam
1311 395 1556 449 reverteris,
1587 394 1761 450 exigam

216 484 241 511 a
270 470 314 511 te
345 466 503 525 de[nuo
534 466 699 525 ver]sus
730 465 919 507 diurnos.
972 463 1206 506 Dominam
1233 466 1418 507 matrem
1450 466 1572 505 tuam
1602 462 1757 505 saluta.

717 579 838 623 XII.
879 578 1112 633 Magistro
1142 577 1260 621 Meo.

330 674 449 717 Duas
480 688 556 730 per
586 673 651 715 id¹
686 674 854 727 tempus
886 669 1092 726 epistulas
1122 671 1221 711 tuas
1247 670 1406 725 accepi.
1440 669 1602 712 Earum
1625 669 1760 712 altera

217 759 284 786 me
314 742 570 798 increpabas
603 743 646 783 et
675 742 836 783 temere
868 738 1131 781 sententiam
1168 737 1391 792 scripsisse
1431 739 1661 794 arguebas:
1702 739 1760 781 al-

217 814 310 854 tera
339 825 440 854 vero
470 810 619 853 tuere²
650 809 840 851 studium
870 822 1025 850 meum.
1087 806 1280 848 Laudet3
1310 808 1353 848 te
1385 806 1516 849 Baius
1528 808 1556 849 ⁴.
1597 807 1761 850 Adiuro

218 882 363 923 tamen
393 879 473 922 tibi
503 894 657 934 meam,
690 892 810 920 meae
840 876 1006 931 matris,
1039 877 1159 917 tuam
1181 874 1377 929 salutem,
1409 875 1517 917 mihi
1538 876 1634 932 plus
1656 891 1760 932 gau-

218 949 277 992 dii
306 949 354 992 in
385 948 528 990 animo
561 949 754 991 coortum
784 961 876 988 esse
905 945 991 987 illis
1012 944 1099 986 tuis
1129 944 1345 999 prioribus
1365 943 1543 986 litteris:
1574 960 1642 987 me
1672 960 1760 987 sae-

217 1018 314 1074 pius
346 1017 608 1060 exclamasse
638 1016 754 1058 inter
783 1014 1039 1071 legendum,
1080 1027 1105 1055 o
1135 1027 1205 1054 me
1234 1012 1428 1054 felicem!
1460 1012 1608 1068 Itane,
1649 1014 1763 1055 dicet

219 1086 387 1142 aliquis,
418 1085 592 1127 felicem
621 1086 679 1139 te,
713 1084 749 1126 si
781 1085 847 1126 est
877 1083 949 1139 qui
980 1083 1023 1124 te
1054 1081 1206 1123 doceat
1236 1081 1445 1137 quomodo
1476 1083 1651 1134 γνώμην
1683 1082 1763 1123 801-

217 1155 382 1209 lertius,
417 1154 658 1208 dilucidius,
691 1152 877 1207 brevius,
910 1151 1087 1207 politius
1118 1150 1314 1193 scribas?
1343 1164 1433 1192 non
1454 1150 1535 1192 hoc
1567 1152 1632 1192 est
1652 1151 1763 1206 quod

218 1239 287 1266 me
316 1223 489 1266 felicem
518 1235 735 1277 nuncupo.
782 1219 893 1270 Quid
924 1222 990 1263 est
1019 1219 1187 1276 igitur?
1217 1219 1330 1275 quod
1359 1234 1510 1261 verum
1541 1219 1681 1261 dicere
1712 1233 1764 1261 ex

218 1295 262 1334 te
294 1292 450 1334 disco5.
483 1291 548 1333 Ea
578 1306 646 1333 res
676 1304 826 1332 verum
849 1289 883 1346 1⁶
904 1289 1045 1332 dicere
1081 1303 1280 1344 prorsum
1320 1288 1401 1330 diis
1432 1287 1764 1343 hominibusque

221 1361 373 1403 ardua:
410 1359 579 1402 nullum
616 1358 800 1414 denique
837 1360 929 1400 tam
964 1357 1234 1413 veriloquum
1271 1356 1492 1399 oraculum
1532 1359 1610 1412 est,
1660 1357 1764 1412 quin

220 1429 383 1485 aliquid
414 1428 618 1484 ancipitis
654 1427 728 1470 vel
753 1426 915 1483 obliqui
956 1426 1024 1469 vel
1054 1426 1239 1482 inpediti
1274 1425 1448 1480 habeat,
1494 1440 1577 1481 quo
1616 1425 1764 1480 inpru-

221 1498 391 1540 dentior
419 1497 664 1540 inretiatur.
725 1495 808 1538 Et⁷
842 1529 850 1538 .
886 1530 894 1538 .
927 1495 1051 1537 olunt
1090 1494 1329 1550 captiosum
1368 1493 1532 1535 dictum
1562 1494 1765 1549 opinatus

223 1567 468 1623 captionem
498 1567 597 1622 post
625 1567 795 1620 tempus
827 1579 876 1606 ac
906 1565 1039 1620 neget
1072 1597 1080 1605 .
1116 1597 1124 1606 .
1157 1577 1234 1605 sen
1267 1596 1276 1605 .
1311 1596 1319 1604 .
1351 1563 1427 1604 tua
1459 1596 1467 1604 .
1502 1596 1511 1605 .
1545 1577 1569 1604 a
1593 1564 1766 1604 tantum

224 1670 232 1678 .
260 1669 268 1678 .
294 1649 435 1678 errore
459 1636 671 1691 quantum
695 1667 703 1675 .
730 1667 738 1675 .
764 1633 876 1675 atius
906 1647 935 1674 11
958 1666 966 1674 .
993 1666 1001 1674 .
1035 1631 1265 1674 confestim
1294 1630 1435 1685 ipsam
1458 1664 1466 1672 .
1492 1665 1500 1673 .
1525 1646 1594 1673 am
1624 1633 1766 1673 osten-

223 1705 343 1747 dunt
362 1704 455 1746 sine
485 1703 637 1745 fraude
669 1704 713 1744 et
741 1701 931 1744 inventis
962 1700 1117 1743 verbis.
1177 1700 1329 1756 Itaque
1369 1699 1574 1742 haberem
1611 1702 1655 1742 et
1684 1700 1766 1742 tibi

222 1773 387 1829 gratias
428 1786 601 1828 agerem
639 1771 728 1813 sive
766 1804 775 1813 .
810 1804 818 1812 .
854 1803 862 1812 .
902 1769 1029 1811 simul
1067 1770 1109 1810 et
1147 1769 1293 1811 audire
1333 1783 1481 1810 verum
1519 1783 1587 1810 me
1625 1768 1764 1810 doces.

222 1841 393 1897 Duplex
423 1841 560 1897 igitur
592 1874 600 1882 .
635 1874 643 1882 .
677 1854 732 1881 ne
763 1838 930 1881 valeam
960 1839 1026 1880 set
1052 1852 1098 1879 re
1129 1852 1257 1892 quom
1285 1837 1367 1879 tibi
1399 1870 1408 1879 .
1443 1871 1451 1879 .
1485 1851 1566 1892 exp
1600 1870 1608 1879 .
1640 1871 1648 1879 .
1681 1837 1787 1879 nisi‘

225 1944 234 1952 .
269 1944 278 1952 .
311 1910 385 1966 qui
416 1909 505 1951 sint
538 1943 546 1951 .
581 1943 589 1951 .
622 1910 770 1950 tamen
811 1907 917 1949 mihi
946 1907 1158 1949 minorem
1187 1905 1372 1962 gloriam
1400 1907 1494 1947 tum
1526 1938 1534 1947 .
1570 1939 1578 1947 .
1611 1905 1679 1947 die
1712 1938 1721 1947 .
1756 1939 1765 1948 .

223 1978 347 2022 vacui
380 1976 537 2036 micuit
566 1991 634 2019 me
658 2011 667 2019 .
693 2011 701 2019 .
724 1977 835 2018 bene
867 1978 910 2018 et
943 2010 951 2018 .
976 2010 984 2018 .
1019 1989 1247 2030 excerpere
1271 2008 1279 2016 .
1306 2008 1313 2016 .
1346 1973 1556 2029 paulatim
1590 2007 1598 2015 .
1624 2007 1632 2015 .
1655 1989 1686 2015 n
1706 1974 1766 2016 mi

226 2082 235 2090 .
261 2082 269 2090 .
302 2049 369 2089 est
399 2046 515 2088 enim
547 2080 556 2088 .
581 2080 590 2088 .
622 2045 724 2101 qui.
746 2045 938 2087 laborem
969 2044 1040 2086 hic
1070 2045 1162 2085 rect
1195 2077 1203 2085 .
1229 2051 1255 2085 .’
1270 2043 1362 2084 oria
1392 2057 1469 2098 per
1492 2075 1501 2084 .
1525 2075 1534 2084 .
1560 2076 1568 2084 .
1591 2042 1687 2084 vale
1707 2042 1767 2084 mi

227 2150 236 2159 .
263 2150 271 2159 .
303 2130 359 2158 ne
390 2112 433 2156 et
463 2115 623 2170 optime
646 2148 655 2156 .
681 2148 689 2157 .
722 2114 883 2170 optime
904 2115 1051 2155 orator
1082 2112 1143 2155 sic
1170 2127 1214 2153 m
1246 2145 1255 2154 .
1280 2145 1289 2154 .
1321 2111 1490 2154 venisse
1527 2112 1707 2167 gaudeo.
1735 2111 1767 2167 1⁸

225 2184 412 2227 Domina
441 2198 537 2225 mea
565 2185 610 2225 te
640 2182 813 2225 salutat.

341 2313 358 2345 1
386 2307 603 2355 Schopenus
629 2309 667 2344 et
691 2306 891 2354 Hauptius:
918 2311 1017 2343 idem.

338 2371 359 2402 2
385 2365 544 2415 Orellius
568 2365 728 2401 mavult:
756 2368 905 2402 tuebare.

340 2429 360 2460 3
385 2423 525 2459 Codex:
551 2426 701 2458 laudent.

340 2485 362 2515 4
384 2479 504 2515 Maius
527 2479 686 2515 mavult:
716 2482 853 2514 Bauius.
904 2478 1035 2524 Virgil.
1061 2477 1137 2514 Eoi.
1165 2478 1228 2522 ΙΙΙ,
1245 2481 1299 2513 90.
1351 2475 1425 2512 Sed
1447 2475 1641 2521 ingeniose
1667 2476 1768 2512 Orel-

226 2537 315 2573 lius:
340 2540 485 2572 studium
509 2550 622 2577 meum,
648 2540 747 2571 lumle
765 2549 815 2571 me
832 2539 947 2574 beans.
980 2535 1165 2581 Hauptius
1182 2546 1271 2571 vero
1292 2534 1340 2570 ad
1358 2533 1464 2569 Ovid.
1483 2533 1643 2569 Halieut.
1660 2538 1766 2580 p.40:

227 2600 316 2632 tueri
337 2598 481 2631 studium
505 2607 608 2629 meum
631 2597 731 2628 laude
755 2596 930 2628 nitebaris.
1452 2627 1455 2630 ,

343 2656 363 2687 5
387 2650 514 2687 Verba
539 2655 655 2686 dicere
680 2663 727 2685 ea:
753 2657 784 2686 te
810 2653 904 2685 diseo
930 2663 971 2685 ea
987 2663 1045 2685 res
1062 2663 1171 2686 verum
1189 2649 1400 2684 scribuntur
1415 2648 1625 2693 posteriore
1642 2660 1767 2684 manu.

343 2713 364 2743 6
390 2708 565 2753 Sequitur
590 2706 680 2742 Cod.
698 2706 784 2742 Vat.
810 2719 845 2752 p.
868 2710 943 2741 112.
969 2706 1100 2741 itidem
1124 2706 1242 2751 nigra.

344 2770 362 2801 7
388 2765 431 2800 In
454 2765 697 2809 sequentibus
722 2763 864 2799 lacunis
890 2774 1007 2808 usque
1039 2763 1087 2798 ad
1112 2763 1293 2808 epistulae
1322 2762 1433 2798 finem
1465 2762 1578 2808 periit
1607 2763 1769 2808 paginae

229 2833 316 2869 pars
340 2821 460 2856 minus
485 2821 650 2856 dimidia.
702 2824 827 2856 Maius.

345 2883 365 2913 8
390 2878 526 2924 Incipit
551 2877 638 2913 Cod.
666 2877 786 2913 Vatic.
814 2890 849 2924 p.
872 2882 945 2913 111.

280 2959 415 2985 FRONT.
433 2959 480 2982 ET
499 2959 633 2982 AUREL.
654 2959 773 2984 EPlS'r.
1470 2932 1499 2975 4
