1968 3158
244 159 328 202 242
705 155 753 190 M.
782 154 1008 190 CORNELII
1031 153 1265 189 FRONTON
1266 153 1309 188 IS

245 273 324 315 οὖν
356 270 570 320 ἀπολογία
608 269 713 320 αὕτη
753 269 806 311 ἂν
845 267 907 320 εἴη
946 268 1158 311 πάνυ’τις
1193 267 1396 319 εἰκαςτικὴ
1433 267 1669 320 γενομένηῖ
1709 268 1775 309 καὶ

243 340 444 392 γραφική,
479 337 659 379 εἰκόνων
692 336 884 379 ἔκπλεως
915 335 1047 388 αὐτὴ2
1078 336 1199 388 μάλα.

356 407 440 448 ’Έτι
471 406 578 447 κατὰ
608 406 709 447 τοὺς
739 404 984 456 γεωμέτρας
1014 403 1248 456 αἰτήςομαι·
1282 403 1332 444 τὸ
1363 404 1514 450 ποῖον;
1545 401 1583 444 εἴ
1615 417 1653 444 τι
1688 406 1774 446 τῶν

244 475 473 526 ὀνομάτων
505 473 551 515 ἐν
584 475 674 516 ταῖς
705 473 944 515 έπιςτολαῑς
974 472 1144 515 ταύταις
1176 471 1239 522 εἴη
1271 470 1433 522 ἄκυρον
1462 471 1488 522 ἢ
1510 470 1775 523 βάρβαρονῆ

243 542 386 585 ἄλλως
418 541 622 593 ἀδόκιμον
655 541 722 583 καὶ
750 541 804 592 μὴ
845 540 960 582 πάνυ
1000 539 1184 589 ἀττικόν,
1216 537 1351 580 ἀλλὰ3
1381 541 1459 580 τοῦ
1491 538 1704 590 ὀνόματος
1735 538 1776 580 ς’

244 611 346 653 ἀξιῶ
386 611 463 661 τὴν
504 609 699 652 διάνοιαν
738 610 911 651 ςκοπεῑν
950 607 1083 658 αὐτὴν
1120 607 1216 649 καθ’
1248 606 1399 657 αὑτήν·
1432 605 1554 648 οἶςθα
1590 606 1674 658 γὰρ
1711 605 1776 648 ὅτι

242 679 289 720 ἐν
321 676 491 720 ἄλλοις4
523 677 728 730 ὀνόμαςιν
757 677 825 718 καὶ
855 675 992 731 ἄλλῃ5
1024 675 1230 730 διαλέκτῳ
1262 674 1472 727 διατρίβω.
1507 674 1574 715 καὶ
1594 674 1677 726 γὰρ
1697 673 1775 717 τὸν

244 746 402 797 (κύθην
450 745 616 788 ἐκεῖνον
662 745 739 787 τὸν
778 744 1030 796 Ἀνάχαρςιν
1077 743 1130 785 οὐ
1168 743 1284 784 πάνυ
1323 742 1593 784 τι-ἀττικίςαι
1631 741 1775 794 φαςίν,

244 813 543 865 ἐπαινεθῆναιὸ
575 814 618 855 δ’
649 812 696 854 ἐκ
725 815 799 863 τῆς
829 811 1021 854 διανοίας
1051 811 1118 853 καὶ
1146 813 1234 853 τῶν
1265 810 1582 862 ἐνθυμημάτων.
1627 810 1775 862 Παρα-

244 883 360 935 βαλῶ
393 883 438 923 δ’
476 881 660 933 ἐμαυτὸν
699 880 963 932 Ἀναχάρςιδι
1015 879 1067 921 οὐ
1114 879 1170 930 μὰ
1207 877 1295 919 Δία
1331 878 1437 920 κατὰ
1479 879 1557 929 τὴν
1603 878 1774 932 ςοφίαν,

243 950 352 992 ἀλλὰ
382 950 488 992 κατὰ
518 949 568 991 τὸ
600 949 815 1002 βάρβαρος
846 947 1007 999 ὁμοίως
1038 945 1159 989 εἶναι.
1187 945 1217 1003 1⁷
1239 946 1321 988 Ἦν
1352 946 1433 998 γὰρ
1465 945 1489 987 ὁ
1520 946 1595 998 μὲν
1618 945 1775 997 (κύθης

241 1020 328 1061 τῶν
359 1018 565 1070 νομάδων
597 1016 784 1068 (Σκυθῶν,
824 1016 908 1066 ἐγὼ
948 1016 995 1057 δὲ
1033 1014 1159 1067 Λίβυς
1188 1018 1277 1057 τῶν
1308 1013 1477 1066 Λιβύων
1516 1015 1604 1056 τῶν
1643 1012 1775 1065 νομά-

241 1090 342 1129 δων.
396 1085 551 1128 Κοινὸν
590 1084 669 1136 δὴ8
707 1085 757 1126 τὸ
796 1084 990 1136 νέμεςθαι
1029 1082 1121 1135 ἐμοί
1157 1096 1202 1124 τε
1247 1082 1314 1123 καὶ
1350 1081 1636 1134 Ἀναχὰρςιδι·
1688 1094 1774 1123 κοι-

240 1155 320 1197 νὸν
353 1153 433 1196 οὗν
465 1153 578 1195 ἕςται
608 1152 675 1194 καὶ
703 1152 754 1194 τὸ
787 1153 1015 1203 βληχᾶςθαι
1045 1150 1310 1201 νεμομένοις,
1350 1149 1472 1191 ὅπως
1501 1148 1554 1192 ἄν
1584 1163 1646 1191 τις
1677 1150 1773 1202 βλη-

239 1221 455 1275 χήςηται.9
502 1220 651 1263 Οὕτως
681 1222 756 1271 μὲν
785 1221 837 1271 δὴ
869 1219 936 1261 καὶ
955 1218 1006 1260 τὸ
1029 1218 1292 1271 βαρβαρίζειν
1313 1221 1374 1272 τῷ
1398 1218 1626 1270 βληχᾶςθαι
1646 1230 1774 1269 προς-

239 1290 392 1332 είκαςα.
438 1288 609 1331 Οὐκοῦν
637 1288 850 1340 παύςομαι
880 1288 1010 1339 μηδὲν
1041 1286 1191 1337 ἕτερον
1212 1285 1398 1337 γράφων
1421 1284 1521 1327 ἀλλ’
1543 1285 1568 1336 ἢ
1591 1284 1774 1327 εἰκόνας.

727 1366 782 1408 ΙΙ.
829 1365 997 1418 Μητρὶ
1030 1365 1296 1417 Καίςαρος.

357 1437 487 1478 Ἑκὼν
535 1435 646 1478 ἑκὼν
684 1436 737 1486 νὴ
778 1435 880 1477 τοὺς
918 1433 1043 1475 θεοὺς
1080 1433 1147 1474 καὶ
1176 1432 1290 1474 πάνυ
1330 1446 1379 1482 γε
1417 1432 1773 1484 προθυμούμενος

241 1507 317 1557 τὴν
340 1505 442 1556 ἐμὴν
467 1503 671 1555 Κραττίαν
703 1502 922 1554 ἐξέπεμψα
953 1499 1363 1552 ςυνεορτάςουςάν10
1395 1513 1459 1542 ςοι
1487 1500 1540 1541 τὰ
1562 1499 1772 1550 γενέθλια,

242 1574 308 1615 καὶ
350 1572 478 1613 αὐτὸς
515 1571 567 1613 ἂν
607 1569 867 1623 ἀφικόμενος
907 1569 941 1611 εἰ
988 1568 1096 1619 ἐξῆν.
1156 1568 1273 1609 Ἀλλ’
1318 1568 1412 1619 ἐμοὶ
1455 1568 1530 1619 μὲν
1570 1567 1773 1618 ἐμποδών

241 1642 351 1683 ἐςτιν
382 1639 447 1691 ἡιι
482 1638 590 1690 ἀρχὴ
612 1637 792 1689 γῦρος12
821 1641 882 1693 τῷ
914 1637 1015 1678 ποδὶ
1044 1635 1168 1686 ἥδε13
1191 1635 1305 1678 οὗςα.
1338 1634 1501 1684 Ὀλίγαι
1522 1636 1603 1687 γὰρ
1624 1635 1773 1687 ἡμέραι

241 1708 386 1750 λοιπαὶ
425 1709 499 1758 τῆς
545 1706 676 1758 ἀρχῆς
712 1705 1030 1757 περιλείπονται
1061 1705 1128 1746 καὶ
1159 1698 1321 1756 μᾶλλόν
1359 1701 1449 1745 τε14
1488 1696 1664 1760 ᾄςχολοι
1703 1702 1772 1744 διὰ

241 1777 316 1818 τὰς
354 1774 636 1827 λειτουργίας·
680 1773 743 1816 ὧν
784 1773 1043 1822 ἀπαλλαγεὶς
1081 1772 1200 1814 ἔοικα
1238 1773 1479 1824 δραμεῑςθαι
1518 1771 1629 1823 πρὸς
1666 1770 1771 1822 ὑμᾶς

240 1849 330 1887 τῶν
360 1844 437 1885 τὸν
469 1842 638 1884 ςτάδιον
677 1841 922 1894 τρεχόντων
954 1841 1067 1883 πολὺ
1098 1840 1443 1892 προθυμότερον·
1483 1838 1587 1881 ὡςῖὖ
1618 1837 1773 1881 ἐκεῖνοί

238 1926 286 1961 γε
327 1911 591 1963 βραχύτατον
630 1909 793 1962 χρόνον
832 1909 900 1951 ἐπὶ
941 1911 1016 1960 τῆς
1058 1908 1271 1960 ὕςπληγος
1315 1907 1578 1960 ἑπιςτάντες,
1627 1906 1772 1948 ἔπειτα

355 2004 373 2034 1
400 1999 487 2034 Cod.
514 2000 718 2044 γενομήνη.

354 2061 374 2090 2
402 2056 624 2100 Corruptum
650 2059 721 2099 est,
749 2056 788 2090 ut
812 2054 903 2089 mihi
926 2055 1092 2090 videtur.
1141 2053 1292 2089 Rectius
1315 2054 1474 2089 fortasse
1499 2054 1605 2098 αὕτη.

352 2117 372 2147 3
399 2111 486 2146 Cod.
514 2112 634 2146 AAAx
661 2139 667 2146 .
697 2140 703 2146 .
731 2140 737 2145 .
764 2111 830 2147 ΕΧΙ
857 2115 936 2146 τοῦ.
963 2111 1047 2146 Non
1070 2110 1177 2156 potui
1201 2110 1367 2145 divinare
1393 2110 1481 2155 quid
1504 2110 1634 2144 latoab.

350 2171 371 2201 4
396 2167 498 2202 Haeo
522 2168 578 2201 est
603 2168 814 2202 coniectura
837 2166 1003 2202 Iacobsii.
1059 2167 1177 2201 Maius
1201 2167 1353 2211 legebat
1384 2167 1529 2201 αὐτοῖς·
1560 2165 1650 2199 nihil
1681 2164 1769 2199 satis

239 2224 399 2269 apparet
422 2223 460 2257 in
486 2223 629 2258 Codice.

353 2284 373 2314 5
396 2279 531 2314 Maius:
559 2280 666 2324 αὐτῇ.
707 2279 831 2314 Codex
855 2279 1000 2315 videtur
1032 2279 1249 2315 confirmare
1274 2277 1573 2314 emendationem
1598 2277 1765 2312 Iacobsii.

352 2340 372 2370 6
398 2336 454 2371 Ita
479 2336 613 2370 Codex.

353 2397 371 2427 7
396 2391 531 2437 Incipit
557 2391 643 2426 Cod.
668 2392 837 2427 Ambros.
863 2404 899 2437 p.
929 2395 1004 2427 164.

351 2453 371 2482 8
397 2448 485 2483 Cod.
513 2449 553 2483 δὲ
576 2449 635 2492 ῆν.
686 2447 855 2483 Correxit
878 2448 1114 2483 Niebuhr-ius.

350 2509 370 2539 9
397 2504 621 2540 Corr.Bekk.
640 2503 727 2539 Cod.
745 2505 975 2549 βληχὴςεται.
997 2506 1037 2539 In
1051 2506 1122 2539 fine
1138 2505 1246 2550 episss.
1260 2503 1476 2539 Cod.habet
1490 2505 1585 2540 ἀλλὰ
1602 2505 1764 2540 εἰκόνας.

332 2565 371 2596 10
396 2562 453 2596 Ita
479 2561 612 2596 Codex.

330 2622 367 2651 11
394 2618 490 2652 Add.
518 2618 650 2653 Codex

330 2679 369 2708 12
396 2674 483 2709 Cod.
510 2685 622 2718 γιρος.
667 2674 892 2710 Niebuhrius
919 2675 1049 2717 scribit
1072 2677 1178 2720 πρός.

330 2734 369 2764 13
396 2730 483 2764 Cod.
513 2732 650 2766 ΗΔΕΗ.

329 2789 369 2819 14
394 2786 627 2821 Heindorfius
654 2787 810 2822 coniecit
835 2790 978 2830 μᾶλλόν
1002 2800 1049 2824 τι.

331 2846 371 2874 15
398 2842 588 2877 [acobsius
614 2843 744 2878 scribit
768 2846 881 2887 ὅμως.
