1968 3158
358 182 424 219 AD
449 182 622 219 VERUM
645 182 806 232 IMIJER.
834 182 1087 219 AURELIUM
1113 182 1371 234 CAESAREM
1393 182 1538 218 LIBER
1563 183 1589 218 I.
1671 184 1751 227 115

207 298 304 342 dem
334 300 500 353 vetare,
543 298 696 342 (lurum
726 313 879 355 prosus
911 301 1039 355 atque
1079 298 1364 341 inhumanum
1395 301 1481 342 est:
1528 298 1750 342 consimile

206 369 256 409 ut
294 367 330 409 si
370 367 424 409 ab
466 366 655 423 hospite,
703 367 776 423 qui
814 370 858 410 te
896 367 1078 410 Falerno
1117 368 1322 423 accipiat,
1375 367 1488 424 quod
1525 382 1622 410 rure
1660 367 1751 410 eius

206 437 358 478 natum
397 435 510 477 domi
549 436 776 492 superfiat,
821 435 1026 479 Cretense
1062 436 1253 491 postules
1292 436 1358 478 vel
1390 435 1461 491 Sa¹
1481 436 1749 493 ¹guntinum,

207 504 318 560 quod
362 503 544 546 malum!
593 504 700 546 foris
738 504 1030 560 quaerendum
1066 504 1148 546 sibi
1188 506 1316 560 atque
1354 505 1634 547 mercandum
1680 504 1749 546 sit.

207 571 319 622 Quid
351 607 358 614 .
455 573 510 614 ‚²²
547 571 677 615 Haud
697 572 833 628 igitur
852 572 1097 615 indicarent
1127 587 1176 614 ea
1207 573 1243 614 si
1276 607 1283 615 .
1310 607 1317 615 .
1345 607 1352 615 .
1379 573 1414 614 ,3
1461 572 1572 623 Quid
1603 575 1752 615 nostra

206 641 414 683 memoria
458 640 726 696 Euphrates,
774 640 877 695 Dio,
918 640 1207 694 Timocrates,
1250 641 1583 684 Athenodotus‘?
1649 641 1751 697 quid

206 709 360 751 horum
389 709 598 764 magister
618 708 903 751 Musonius?b
941 723 1087 751 nonne
1119 724 1285 751 summa
1315 709 1521 752 facundia
1551 709 1749 765 praediti,

207 791 346 833 neque
375 778 519 819 minus
550 777 790 833 sapientiae
820 791 949 832 quam
980 777 1250 833 eloquentiae
1281 778 1420 834 gloria
1447 778 1603 821 incluti
1624 778 1751 820 exsti-

207 844 388 888 terunt?
439 844 614 887 Α1113114
650 879 657 887 .
693 879 701 887 .
737 879 744 887 .
780 845 976 888 consulto
1005 845 1146 887 verbis
1176 847 1328 888 usum5
1361 881 1368 888 .
1405 881 1412 888 .
1536 881 1543 888 .
1576 861 1632 889 ne
1662 846 1752 901 pal-

205 913 312 956 lium
342 913 514 969 quidem
545 913 739 956 sordibus
770 913 958 956 obsitum
989 913 1171 956 candido
1210 916 1253 956 et
1290 929 1395 970 pure
1432 915 1550 957 lauto
1580 916 1751 970 praetu-

205 981 359 1025 lisset?
407 981 505 1024 Nisi
534 981 647 1024 forte
678 997 775 1025 eum
804 984 854 1025 tu
885 982 1097 1024 arbitrare
1130 981 1329 1025 claudum
1359 998 1525 1039 quoque
1556 983 1752 1026 consulto

206 1050 393 1106 factum,
434 1052 478 1092 et
514 1065 685 1094 servum
725 1050 921 1094 consulto
957 1053 1147 1094 natumc.
1209 1050 1320 1101 Quid
1350 1052 1487 1107 igitur
1517 1052 1614 1094 est?
1661 1054 1752 1093 tam

206 1119 335 1161 facile
365 1119 465 1162 11166
497 1153 1117 1163 ...............

730 1256 800 1300 ΙΙ.
846 1257 1080 1312 Magistro
1112 1256 1229 1301 Meo.

325 1382 333 1390 .
368 1383 376 1391 .
411 1383 419 1390 .
444 1348 476 1404 [⁷
498 1350 660 1403 nostro,
693 1348 976 1404 Calpurnium
1006 1348 1114 1403 dico,
1150 1349 1371 1391 contentio
1402 1351 1481 1404 est,
1514 1364 1642 1405 quem
1667 1363 1752 1405 ego

207 1415 356 1471 facile,
398 1418 442 1458 et
471 1417 668 1459 omnibus
699 1417 1017 1473 spectantibus,
1058 1419 1102 1460 et
1140 1419 1204 1472 te,
1245 1418 1279 1459 si
1317 1419 1600 1473 spectaveris,
1640 1420 1752 1459 teste

208 1485 439 1539 revincam,
472 1484 702 1540 Pylademss
732 1485 942 1542 magistro
963 1486 1064 1528 suo9
1095 1486 1228 1528 istum
1255 1487 1381 1528 tanto
1402 1486 1622 1528 meliorem
1644 1500 1749 1540 esse,

324 1633 346 1658 a
373 1624 414 1657 In
440 1624 607 1667 maraine:
633 1620 826 1667 Epictetus
850 1620 1069 1657 incuriosus.
1113 1621 1295 1666 Socrates,
1320 1622 1538 1668 Xenophon,
1563 1622 1752 1658 Antisthe-

209 1689 287 1722 nes,
312 1678 526 1722 Aeschines,
549 1678 670 1714 Plato.

322 1735 347 1770 b
373 1737 418 1771 ln
442 1740 607 1780 margine:
633 1735 855 1781 Euphrates,
886 1735 968 1780 Dio,
995 1735 1238 1780 Timocrates,
1263 1735 1526 1772 Athenodotus
1551 1737 1589 1771 et
1618 1736 1752 1771 hortun

208 1791 388 1838 magister
411 1791 612 1836 Musonius,
636 1792 851 1838 philosophi
876 1792 1179 1838 eloquentissimi.

325 1860 344 1884 c
372 1851 417 1884 In
441 1852 609 1895 margine:
639 1848 720 1884 Nisi
750 1849 846 1885 forte
871 1848 1085 1895 Epictetum
1115 1849 1302 1886 arbitrare
1333 1850 1447 1886 etiam
1473 1851 1645 1886 claudum
1670 1861 1753 1886 con-

210 1905 307 1940 sulto
331 1905 482 1941 factum.
519 1905 734 1951 Numquam
757 1905 1002 1941 volumtarias
1024 1906 1226 1942 verborum
1250 1906 1377 1942 sordes
1399 1907 1590 1943 induisset.
1639 1907 1752 1943 Forte

211 1962 250 1997 et
273 1972 398 1998 servus
424 1962 592 1998 consulto
617 1964 727 1998 natus
752 1964 809 1999 est
832 1963 1008 2009 sapiens?
1048 1963 1113 2000 sed
1137 1963 1193 1999 ita
1218 1963 1432 2009 eloquentia
1464 1964 1584 2000 caruit
1612 1964 1752 2010 pedum

210 2017 479 2055 incolumitate.

210 2167 367 2204 videtur.
408 2167 668 2204 Lachmannus
693 2167 834 2204 Comm.
851 2169 890 2204 in
906 2169 1052 2205 Lucret.
1077 2181 1113 2215 p.
1127 2172 1184 2204 14:
1211 2173 1258 2205 ad
1280 2173 1408 2215 epulas,
1434 2169 1584 2205 interim
1610 2174 1751 2216 quidem.

211 2223 385 2260 Orellius:
411 2227 605 2260 Menelaum
629 2229 677 2261 ad
700 2230 819 2271 epulas
842 2234 1028 2262 memorant
1051 2226 1111 2261 vel
1135 2232 1240 2270 aiunl,
1266 2229 1343 2261 item
1367 2230 1480 2270 recipi
1503 2229 1607 2262 iubes.

327 2285 343 2316 1
369 2280 505 2327 Incipit
530 2280 619 2317 Cod.
644 2281 730 2318 Vat.
757 2294 794 2327 p.
812 2280 844 2326 3,
868 2282 907 2317 in
933 2293 1007 2327 qua
1030 2283 1181 2329 praeter
1205 2282 1416 2329 marginem
1438 2295 1536 2318 nunc
1560 2282 1652 2318 nihil
1676 2283 1753 2327 legi

210 2339 347 2384 potest.

326 2399 346 2430 2
369 2395 463 2440 Legi
486 2397 677 2440 nequeunt
699 2407 826 2432 versus
851 2395 1024 2432 undecim
1047 2396 1155 2432 huius
1179 2396 1362 2432 laterculi.
1413 2399 1538 2431 Maius.

327 2455 348 2486 3
371 2451 513 2487 Rursus
535 2451 612 2497 legi
636 2447 826 2497 nequeunt
847 2464 974 2489 versus
998 2465 1143 2490 novem.
1194 2456 1320 2490 Maius·

326 2511 348 2542 4
373 2507 512 2554 Supple
538 2508 610 2543 duo
635 2509 762 2545 verba.
810 2512 937 2546 Maius.

328 2569 348 2600 5
371 2564 467 2600 Exin
491 2564 653 2610 quinque
677 2576 805 2601 versus
829 2565 906 2611 legi
929 2569 1129 2612 nequeunt.
1180 2570 1307 2603 Maias.

328 2625 348 2656 6
371 2621 402 2656 E
415 2621 595 2668 marginis
609 2622 786 2658 lemmate
798 2621 887 2658 licet
899 2622 1123 2668 particulam
1137 2623 1310 2669 supplere
1323 2622 1431 2658 huius
1440 2620 1609 2658 lacunae.
1627 2626 1752 2659 Maius.

327 2683 346 2714 7
372 2677 507 2724 Incipit
531 2677 620 2714 Cod.
646 2678 818 2714 Ambros.
843 2691 880 2725 p.
899 2683 978 2715 426.
1029 2679 1208 2726 Suppleo:
1233 2678 1326 2714 Mihi
1351 2691 1434 2714 cum
1459 2688 1589 2716 nostro.

328 2738 349 2771 8
373 2734 663 2771 Pantomimum⁸
680 2735 739 2771 cui
762 2735 867 2771 extat
889 2735 1084 2781 inscriptio
1110 2747 1194 2771 cum
1222 2735 1391 2772 iconibus
1416 2736 1569 2771 scenicis
1593 2736 1631 2771 111
1656 2737 1754 2772 aedi-

214 2791 283 2827 bus
307 2791 559 2828 bibliothecae
582 2792 865 2828 Ambrosianae.
918 2795 1044 2828 Maius.

329 2851 350 2884 9
375 2847 470 2884 Tam
493 2848 676 2894 magistro
701 2860 815 2894 quam
840 2848 1023 2895 discipulo
1048 2859 1256 2896 cognomen
1281 2848 1350 2884 fuit
1374 2849 1544 2895 Pylades,
1581 2852 1676 2886 teste
1700 2850 1753 2885 in-

216 2904 418 2951 scriptione
442 2905 544 2951 apud
568 2905 768 2942 Gruterum
793 2910 870 2943 331.
892 2910 921 2942 1.
972 2909 1099 2943 Maius.

1433 2963 1484 3006 8*
