1968 3158
290 171 366 213 188
573 170 620 204 M.
642 169 868 204 CORNELII
893 169 1169 205 FRONTONIS
1194 170 1533 207 EPISTULARUM

284 286 326 324 te
366 283 589 324 absentem
632 297 710 338 per
752 282 919 324 litteras
957 280 1178 344 consolari.
1239 284 1387 340 Neque
1424 286 1591 340 postulo
1621 289 1669 328 ut
1698 293 1808 329 mae—

284 365 378 391 rere
409 350 598 404 desinas3
638 350 682 391 id
713 349 827 392 enim
856 350 1018 392 frustra
1048 351 1294 406 postulabo,
1333 352 1406 394 sed
1436 355 1484 394 ut
1512 354 1765 397 moderatius
1797 387 1806 396 .

287 451 1531 462 ooooooooooooooooooooooooooooo

486 530 668 574 XXIV.
709 531 910 587 (Fronto
940 532 1082 576 Iunio
1112 532 1321 576 Maximo
1353 531 1606 589 Salutem.)

396 622 479 663 Per
508 621 710 676 Ulpium¹
742 637 820 664 nos
862 655 1807 666 ......................

283 689 571 741 12012nestatis
603 690 913 745 gravitatisque
943 693 1042 732 tuae
1073 691 1429 747 praedicatorem3
1460 707 1584 747 quem
1607 692 1730 747 cupio
1758 692 1810 734 ad

282 772 349 799 me
382 757 576 799 celeriter
605 758 818 800 remittas.
879 758 1028 814 Neque
1060 759 1174 801 enim
1205 774 1300 801 cum
1325 759 1407 801 alio
1437 759 1523 801 ullo
1552 762 1676 802 tanta
1705 759 1810 802 mihi

244 847 253 854 ·
283 825 554 867 familiaritas
586 827 651 867 est
671 827 747 867 aut
775 827 925 868 tantus
952 841 1054 868 usus
1076 827 1312 868 studiorum
1332 827 1623 884 bonarumque
1655 828 1811 870 artium

285 893 645 936 communicandi.
705 893 843 936 Multo
876 895 1006 936 etiam
1035 894 1140 936 mihi
1170 894 1395 936 iucundior
1426 895 1527 950 erit,
1569 910 1695 951 quom
1726 911 1810 938 ser-

283 976 430 1004 mones
462 962 512 1003 de
542 963 586 1003 te
617 963 765 1003 mutuo
795 962 1030 1004 recolemus
1061 977 1111 1005 ac
1140 962 1468 1005 recensebimus.

438 1074 591 1118 XXV.
652 1075 832 1119 Fronto
864 1073 1082 1129 Squillae
1115 1074 1389 1120 Gallicano³
1421 1073 1654 1120 Salutem.

397 1164 541 1219 aTibi,
583 1165 751 1208 domine
794 1166 947 1221 frater,
994 1166 1252 1208 commodius
1297 1167 1460 1221 evenit,
1502 1167 1574 1222 qui
1611 1181 1687 1222 pro
1723 1167 1811 1209 filio

283 1235 432 1275 nostro
463 1248 665 1288 praesens
696 1234 990 1289 trepidaveris,
1022 1249 1151 1289 quam
1171 1234 1290 1289 mihi,
1314 1234 1386 1290 qui
1416 1234 1718 1289 trepidaverim
1739 1235 1810 1276 ab·

283 1316 394 1343 sens,
455 1301 568 1343 Nam
606 1304 680 1343 tua
717 1302 947 1357 trepidatio
985 1317 1062 1357 pro
1100 1304 1256 1344 eventu
1296 1302 1477 1344 actionis
1506 1301 1633 1344 facile
1664 1302 1811 1344 sedata

284 1371 369 1423 est3
401 1383 494 1424 egO,
528 1370 667 1424 quoad
695 1370 801 1411 mihi
833 1370 886 1411 ab
917 1370 1115 1412 omnibus
1147 1370 1526 1412 contubernalibus
1563 1370 1810 1412 nuntiatum

283 1438 362 1491 est,
395 1451 477 1492 quo
508 1451 707 1479 successu
737 1439 885 1480 noster
914 1440 1058 1480 orator
1088 1438 1259 1494 egisset,
1291 1437 1505 1492 trepidare
1532 1452 1620 1479 11011
1650 1438 1808 1480 destiti.

282 1504 342 1547 Et
377 1506 426 1545 tu
463 1505 633 1559 quidem
673 1505 725 1547 ad
756 1505 947 1561 singulos
986 1506 1192 1548 orationis
1230 1519 1469 1559 successus,
1516 1507 1644 1560 prout
1686 1520 1810 1560 quae-

283 1587 363 1628 que
394 1572 611 1614 sententia
641 1573 810 1615 laudem
830 1573 1035 1615 meruerit
1044 1574 1073 1628 4,
1107 1573 1263 1629 gaudio
1282 1573 1501 1628 fruebare3
1533 1575 1578 1615 at
1599 1587 1677 1628 ego
1697 1573 1811 1615 domi

283 1641 434 1682 sedens
465 1642 673 1696 perpetua
703 1641 992 1683 sollicitudine
1024 1641 1227 1697 angebar,
1260 1643 1310 1682 ut
1338 1641 1411 1696 qui
1440 1640 1676 1696 periculum
1698 1642 1810 1683 acto-

282 1709 340 1750 ris
371 1709 631 1763 recordarer,
663 1709 859 1751 laudibus
891 1709 1071 1751 actionis
1108 1724 1197 1751 non
1227 1709 1491 1750 interessem.
1552 1708 1660 1750 Tum
1690 1723 1810 1764 prae-

283 1778 402 1818 terea
431 1777 684 1832 multiplicis
722 1779 770 1819 tu
798 1777 964 1819 fructus
996 1776 1232 1819 abstulisti:
1273 1791 1360 1818 non
1389 1776 1504 1818 enim
1533 1777 1689 1818 audisti
1715 1778 1810 1819 tan-

282 1846 388 1899 tum,
422 1845 495 1886 sed
527 1847 570 1886 et
600 1845 745 1887 vidisti
777 1847 999 1901 agentem3
1030 1860 1110 1887 nec
1141 1844 1385 1900 eloquentia
1415 1844 1543 1899 s01a⁵‚
1577 1844 1649 1886 sed
1680 1844 1809 1886 etiam

282 1912 403 1954 vultu
450 1913 539 1954 eius
585 1914 628 1954 et
671 1914 797 1969 gestu
841 1913 1027 1955 laetatus
1071 1928 1133 1968 es3
1181 1927 1260 1968 ego
1299 1912 1471 1954 tametsi
1509 1911 1610 1967 quid
1656 1911 1810 1953 dixerit

284 1980 393 2034 scic,
433 1982 579 2022 tamen
617 1980 792 2036 ignoro,
835 1981 1187 2036 quemadmodum
1210 1980 1243 2036 16
1275 1979 1441 2022 dixerit.
1501 1978 1720 2021 Postremo
1753 2012 1762 2021 .
1797 2011 1807 2021 .

396 2149 419 2173 a
443 2141 488 2172 In
511 2142 679 2183 maryine:
710 2137 803 2173 Mire
828 2139 967 2184 scripta
991 2137 1159 2184 epistula.

398 2255 415 2285 1
441 2250 590 2296 Ulpium
622 2251 839 2286 Marcellum
874 2250 963 2286 iuris
1002 2250 1163 2296 peritum
1198 2250 1381 2285 memorat
1417 2249 1644 2295 Capitolinus
1673 2249 1712 2284 in
1740 2249 1807 2284 Pio

283 2320 318 2353 p.
346 2311 387 2343 31
412 2307 445 2342 A
470 2319 498 2342 c.
527 2311 578 2342 12.
627 2307 792 2353 Ulpiumi
816 2308 892 2343 tem
915 2307 1131 2343 Marcellum
1157 2306 1224 2342 sub
1250 2306 1452 2342 Commodo
1475 2305 1514 2341 in
1537 2299 1636 2341 bello
1661 2305 1806 2341 Britan-

283 2363 365 2399 nico
391 2363 530 2398 clarum
554 2364 682 2399 narrat
705 2363 775 2399 Dio
801 2368 854 2399 72.
881 2367 912 2399 8.
962 2366 1088 2399 Maius.

397 2424 417 2454 2
441 2420 583 2455 Desunt
605 2419 644 2454 in
669 2420 802 2455 Codice
829 2420 924 2456 duae
947 2419 1109 2466 paginae
1133 2419 1260 2464 itaque
1289 2420 1366 2454 tres
1397 2418 1576 2465 epistolae
1601 2416 1678 2454 sine
1702 2417 1809 2454 vesti-

284 2477 345 2522 gio
376 2476 577 2522 perierunt.
627 2476 801 2520 Sequitur
835 2476 1042 2522 penultima
1078 2476 1164 2512 Cod.
1198 2489 1234 2522 p.
1261 2479 1338 2512 278.
1386 2475 1580 2521 Inscriptio
1617 2475 1655 2510 et
1688 2474 1808 2521 prima

284 2534 399 2569 verba
424 2545 468 2569 ex
492 2532 616 2568 Iudice
642 2533 737 2568 sunt.

397 2595 417 2625 3
442 2589 652 2625 Gallicanus
691 2601 773 2624 cum
803 2588 951 2624 Titiano
989 2589 1115 2625 consul
1151 2601 1245 2625 anno
1283 2588 1463 2624 Hadriani
1497 2587 1714 2633 imperantis
1743 2587 1805 2622 XI.

284 2647 387 2681 Alius
412 2645 624 2682 Gallicanus
650 2646 776 2681 consul
800 2656 896 2681 anno
926 2645 983 2681 Pii
1011 2645 1099 2691 imp.
1125 2646 1222 2680 XIII.
1272 2644 1453 2680 Postremi
1481 2644 1604 2688 huius,
1636 2645 1676 2679 ut
1704 2645 1806 2690 puto,

284 2702 399 2738 filium
423 2703 471 2738 ad
495 2702 745 2747 eloquentiam
768 2702 906 2738 Fronto
933 2701 1100 2738 erudivit.
1153 2705 1277 2739 Maius.

395 2764 416 2794 4
440 2760 557 2794 Immo
581 2766 762 2795 meruerat.
811 2763 1044 2803 Heindorfius.

398 2820 418 2851 5
442 2816 500 2850 Ita
524 2815 658 2859 Codex,
681 2826 756 2851 non
778 2820 891 2851 solum.

400 2875 419 2905 6
443 2871 579 2916 Incipit
604 2871 690 2907 Cod.
717 2884 753 2917 p.
781 2875 863 2915 277,
890 2883 995 2907 erasa
1018 2871 1169 2917 praeter
1192 2882 1309 2915 marg.
