1968 3158
263 169 348 210 214
736 162 785 196 M.
804 160 1030 196 CORNELII
1056 158 1332 195 FRONTONIS
1371 208 1376 212 1

265 281 343 323 tris
375 263 609 320 obstitis-‚sel
669 275 847 325 Quodsi¹
883 288 1001 315 nunc
1040 272 1209 325 divinae
1247 275 1430 314 naturae
1470 258 1688 328 proprium
1719 275 1800 332 est,

266 362 345 390 nec
376 348 542 387 fumum
579 359 711 386 manu
747 341 1012 398 prehendere
1046 355 1128 383 nec
1157 340 1314 382 solem²
1352 354 1496 395 queas,
1538 355 1675 395 neque
1712 342 1803 382 vin-

269 415 355 457 cire
400 428 539 469 neque
593 411 817 454 verberare
869 423 1007 464 neque
1052 408 1243 450 detinere
1286 422 1424 463 neque
1468 407 1536 450 vel
1579 408 1804 454 minimum

269 485 402 524 rimae
434 482 470 524 si
501 479 745 536 deposcat3,
786 476 1036 520 excludere4
1069 508 1802 518 ..................

623 625 906 699 &munus
942 647 1457 715 NEGLEGENTIAE.

486 786 494 794 .
527 752 642 794 Nam
672 751 744 806 qui
774 750 903 792 nimis
934 749 1061 792 anxie
1084 749 1231 791 munia
1254 748 1500 803 conficiunt,
1532 763 1684 804 parum
1705 748 1807 790 ami-

281 821 408 863 citiae
459 820 682 862 confidunt
725 849 1536 861 ...................
1560 869 1564 871 .
1572 849 1804 859 ......

368 922 377 931 .
414 890 475 942 .Ιῦ
497 893 517 931 '.
554 921 562 930 .
624 887 803 942 Agitavi
840 886 987 928 laudes
1017 885 1320 942 neglegentiae
1355 884 1634 939 conscribere,
1674 885 1806 940 quas⁷

277 972 351 999 cur
381 956 573 998 nondum
609 955 764 997 etiam8
797 954 1144 1008 conscribserim,
1176 955 1224 994 ut
1253 967 1320 995 res
1351 954 1437 1007 est,
1469 953 1520 994 id.
1541 967 1706 1008 quoque
1734 967 1806 995 ne-

274 1025 431 1080 glego9
456 1055 1036 1067 .................
1050 1020 1102 1076 110
1128 1055 1136 1063 .
1172 1054 1181 1062 .
1213 1020 1543 1075 temperantia¹¹
1576 1021 1805 1062 coercetur.

391 1092 531 1147 Volgo
562 1091 692 1134 etiam
721 1090 897 1132 laudata
934 1086 1207 1145 indulgentia
1243 1089 1486 1143 promptam
1515 1088 1704 1143 peccatis
1734 1088 1807 1130 ho-

269 1148 442 1202 ‘minum
477 1160 648 1202 veniam
685 1159 805 1205 dare:
861 1157 944 1199 nisi
985 1157 1142 1199 delicta
1178 1156 1306 1198 facile
1343 1155 1552 1212 neglegas
1567 1156 1611 1211 ¹²,
1657 1171 1808 1211 parum

277 1228 510 1279 clementer
539 1227 765 1282 indulgeas
782 1225 827 1267 ¹3.

390 1295 511 1345 Quod
542 1297 685 1337 autem
715 1293 809 1349 quis
847 1293 1034 1335 intutam
1072 1295 1115 1334 et
1153 1292 1391 1347 expositam
1426 1291 1626 1347 periculis
1663 1292 1807 1348 negle-

276 1363 472 1419 gentiam
500 1365 644 1418 putet,
684 1361 790 1403 mihi
821 1376 946 1403 omne
978 1362 1127 1403 contra
1157 1360 1344 1415 videtur,
1383 1360 1517 1402 multo
1546 1359 1806 1415 multoquess

276 1431 548 1486 diligentiam
585 1429 724 1485 magis
759 1428 959 1484 periculis
998 1428 1226 1470 obnoxiam
1264 1442 1368 1470 esse.
1429 1427 1625 1483 Namque
1663 1428 1806 1484 negle-

392 1558 407 1589 1
435 1554 577 1589 Codex:
610 1581 616 1588 .
643 1557 712 1588 uod
737 1580 743 1587 .
773 1581 780 1588 .

391 1614 412 1645 2
436 1610 578 1646 Lumen
603 1609 690 1645 solis
716 1609 815 1645 dicit.
866 1608 918 1644 Cf.
945 1608 1082 1644 Herod.
1108 1607 1206 1643 VIII.
1236 1611 1310 1644 137.
1359 1610 1594 1645 Buttmannus.

390 1672 410 1702 3
436 1666 512 1702 Ser.
539 1669 704 1703 dehiscat.
753 1669 986 1710 Heindorfius.

389 1727 412 1758 4
434 1722 555 1758 Maius
580 1722 777 1758 adnotavit
801 1733 839 1758 se
864 1722 902 1757 in
927 1722 1094 1757 extremo
1119 1721 1208 1757 folio
1232 1721 1368 1767 legisse
1394 1721 1435 1764 Q.
1461 1721 1660 1756 XXXVIII.
1709 1721 1807 1757 Ami-

278 1785 349 1815 cus·
366 1780 505 1815 frustra
530 1778 724 1824 quaesivit.
757 1778 915 1815 Videtur
938 1778 1057 1813 Maius
1080 1778 1177 1821 falli3
1207 1777 1279 1812 nisi
1302 1777 1341 1812 in
1364 1777 1462 1813 foliis
1478 1777 1726 1823 ⁸disponendis
1751 1790 1806 1814 er-

276 1837 373 1880 ravi,
399 1836 550 1882 explicit
575 1835 770 1881 quaternio
795 1846 870 1870 non
894 1834 1083 1870 XXXVIII
1109 1834 1174 1870 sed
1202 1834 1383 1869 XXXVII.
1434 1833 1573 1869 Contra
1596 1834 1634 1869 in
1657 1846 1806 1880 praecc-

278 1892 381 1928 dcnti
412 1893 655 1937 quaternione
685 1891 804 1927 Maius
834 1891 960 1927 videre
992 1890 1064 1926 sibi
1095 1891 1191 1926 visus
1221 1892 1278 1926 est
1314 1902 1508 1925 numerum
1533 1891 1685 1935 XXXV,
1723 1902 1806 1926 cuni
1871 1920 1874 1923 .

276 1950 404 1984 tamen
426 1949 464 1983 in
490 1949 624 1984 Codice
648 1949 796 1993 legatur
820 1948 983 1983 XXXVI.
1016 1947 1218 1990 Quaternio
1236 1947 1424 1982 XXXVIII
1441 1947 1518 1982 sine
1542 1947 1701 1993 vestigio
1725 1958 1807 1993 per-

277 2005 331 2040 iit.
382 2004 557 2049 Sequitur
580 2005 695 2050 igitur
719 2004 914 2049 quaternio
938 2003 1102 2040 XXXIX.

391 2066 411 2096 5
436 2061 571 2107 Incipit
595 2060 682 2096 Cod.
707 2073 743 2106 p.
769 2064 850 2103 241,
881 2060 919 2095 in
945 2072 1019 2104 qua
1041 2060 1179 2105 legitur
1202 2060 1311 2095 unica
1340 2060 1533 2096 adnotatio
1558 2061 1596 2095 in
1623 2061 1804 2106 margine.

279 2117 424 2152 Titulus
449 2117 587 2162 legitur
610 2116 650 2151 in
673 2117 842 2161 margine
866 2129 902 2162 p.
929 2121 1013 2161 242,
1045 2117 1109 2151 sed
1140 2116 1234 2161 sing.
1266 2128 1384 2151 num.:
1435 2120 1527 2152 Laus
1551 2118 1804 2163 Neyzeye'ntiae.

278 2174 483 2219 Perperam
505 2172 626 2209 Maius
651 2185 685 2218 p.
708 2177 773 2207 242
798 2173 923 2218 posuit
947 2174 1034 2208 ante
1058 2184 1148 2218 pag.
1174 2177 1251 2207 241.

393 2233 413 2263 6
440 2229 614 2274 Sequitur
640 2228 728 2264 Cod.
753 2226 795 2274 p.
816 2234 880 2265 242
906 2241 989 2265 cum
1012 2229 1122 2264 unica
1146 2228 1387 2264 adnotatione
1410 2229 1449 2263 in
1472 2229 1652 2274 margine.

394 2290 412 2320 7
439 2285 579 2321 Codex:
607 2298 703 2331 quae.

392 2347 413 2378 8
438 2341 578 2377 Codex:
615 2346 713 2377 etiam
743 2346 842 2377 etiam
872 2346 916 2379 id.
967 2342 1004 2377 C.
1037 2342 1076 2377 F.
1102 2342 1162 2377 W.
1188 2342 1364 2377 Mullerus
1394 2341 1433 2376 in
1462 2342 1593 2378 Annal.
1626 2342 1803 2380 Fleckeis.

279 2398 396 2435 XCIII
420 2411 455 2444 p
483 2402 550 2434 490
575 2399 718 2434 confert
741 2398 809 2444 Ep.
837 2398 949 2434 adM
969 2397 1071 2433 Caes.
1090 2398 1119 2433 I
1138 2401 1157 2433 7
1181 2410 1217 2444 p.
1246 2403 1287 2434 18
1311 2399 1348 2434 et
1372 2398 1532 2444 Princip.
1559 2399 1651 2435 Hist.
1670 2412 1706 2446 p
1725 2405 1801 2437 209.

393 2459 413 2491 9
438 2455 496 2490 Ita
520 2454 654 2491 Codex.
704 2455 905 2500 Perperam
927 2454 1058 2490 Maius.

373 2516 414 2548 10
438 2512 585 2547 Excidit
609 2512 651 2546 ut
674 2511 873 2547 verisimile
899 2513 956 2546 est
980 2523 1094 2546 unum
1111 2511 1239 2546 folium
1257 2510 1332 2547 sive
1351 2511 1445 2547 duae
1469 2511 1641 2557 paginae.
1678 2512 1804 2560 Sequi-

270 2569 341 2621 ·tur
364 2580 400 2614 p.
428 2571 494 2604 238
520 2579 615 2613 quae
639 2568 715 2613 legi
738 2567 878 2612 nequit.
925 2567 1062 2613 Incipit
1086 2567 1172 2603 Cod.
1197 2580 1233 2613 p.
1261 2572 1335 2603 237.

373 2629 412 2659 11
440 2624 527 2660 Cod.
553 2637 608 2670 pr.
635 2637 683 2659 m.
712 2628 976 2669 temperantiam.

374 2684 414 2715 12
441 2679 582 2716 Codex:
608 2685 794 2727 intellegas.

373 2741 414 2771 13
438 2736 528 2772 Cod.
553 2749 608 2782 pr.
635 2749 702 2772 m.:
726 2741 980 2783 indulgensque.

374 2795 415 2826 14
438 2793 481 2826 In
506 2792 640 2828 Codice
662 2794 885 2829 vocabulum
913 2798 1078 2840 multoque
1102 2794 1159 2829 bis
1185 2794 1368 2831 scribitur.
1413 2794 1450 2831 C.
1477 2796 1516 2831 F.
1543 2796 1602 2832 W.
1627 2796 1801 2834 Mullerus

282 2847 318 2882 Π.
347 2848 489 2883 confert
511 2848 578 2894 Ep.
606 2849 653 2884 ad
677 2849 726 2884 M.
753 2849 855 2886 Caes.
881 2850 926 2885 II.
954 2854 975 2886 2
998 2862 1034 2896 p.
1061 2855 1115 2886 28.
