1968 3158
0 76 16 215 ’ἯΝὟ-*Ὗ
0 0 14 67 -1‘

33 20 40 22 ι

0 439 17 503 ,Τ
0 299 20 427 .W„
0 287 2 291 ,

98 228 115 233 1

885 171 1051 210 11111οΝ.
1650 172 1733 219 237

690 381 766 435 M.
797 380 1226 437 FRONTONIS

862 494 1074 544 ARION.

312 607 446 650 Arion
495 606 686 661 Lesbius,
733 605 912 662 proinde
956 606 1068 662 quod
1113 606 1374 650 Graecorum
1411 607 1615 650 memoria
1651 611 1731 661 est,

199 674 366 718 cithara
402 677 446 718 et
483 674 758 731 dithyrambo
792 674 976 730 primm,
1017 674 1238 729 Corintho,
1287 675 1357 717 ubi
1397 675 1621 731 frequens¹
1669 676 1732 720 in-

198 743 387 797 colebat,
433 742 667 785 secundum
705 743 930 798 quaestum
966 742 1198 797 profectus,
1244 743 1415 798 magnis
1459 743 1620 786 divitiis
1657 758 1733 800 per

197 824 318 854 oram
364 809 537 853 Siciliae
576 812 704 866 atque
749 809 902 853 Italiae
948 810 1110 865 paratis
1154 810 1407 853 Corinthum
1443 810 1632 854 Tarento
1669 827 1732 854 re-

197 878 320 935 gredi
351 878 548 934 parabat.
597 877 743 920 Socios
773 878 942 921 navalis
973 877 1218 921 Corinthios
1248 878 1517 934 potissimum
1549 880 1731 936 delegit3

198 960 345 989 eorum
382 960 537 988 navem
574 946 778 988 audacter
815 960 861 988 re
904 946 1019 988 bona
1047 946 1258 988 maxime²
1300 950 1466 989 onerat.
1527 947 1648 989 Nave
1685 948 1729 990 in

197 1014 331 1057 altum
368 1015 571 1069 provecta
609 1014 812 1070 cognovit
848 1014 1008 1069 socios,
1049 1014 1148 1070 qui³
1177 1013 1406 1070 veherent,
1448 1015 1624 1070 cupidos
1658 1030 1731 1071 po-

194 1082 268 1126 tiri
278 1083 310 1137 ⁴,
350 1096 501 1125 necem
538 1081 620 1124 sibi
657 1081 912 1125 machinari.
971 1081 1058 1125 Eos
1096 1082 1322 1138 praecibus
1358 1082 1540 1138 fatigat,
1581 1098 1729 1125 aurum

195 1152 346 1193 omne⁵
377 1149 460 1192 sibi
489 1149 721 1204 haberent,
753 1165 885 1193 unam
915 1150 996 1192 sibi
1027 1149 1215 1192 animam
1244 1151 1450 1193 sinerent.
1497 1150 1728 1207 Postquam

194 1218 238 1260 id
267 1219 429 1261 frustra
467 1217 622 1273 {⁰orat,
663 1218 792 1260 aliam
828 1219 977 1260 tamen
1013 1218 1184 1260 veniam
1221 1218 1490 1273 impetravit,
1530 1219 1576 1261 in
1613 1219 1729 1260 exitu

195 1287 309 1329 vitae
338 1287 548 1342 quantum
578 1286 748 1341 posset⁷
774 1287 990 1347 cantaret.
1050 1285 1100 1327 Id
1136 1286 1373 1341 praedones
1413 1286 1458 1328 in
1497 1286 1616 1328 lucro
1656 1287 1729 1328 du-

195 1368 304 1407 cere,
342 1355 514 1410 praeter
553 1353 691 1408 spolia
727 1368 940 1396 summum
977 1353 1185 1396 artificem
1224 1354 1384 1408 audire,
1426 1355 1545 1396 euius
1583 1368 1729 1397 vocem

195 1428 417 1478 praeterea
446 1435 573 1464 nemo
602 1429 804 1477 umquam
834 1423 932 1477 post
970 1421 1045 1463 illa
1075 1421 1356 1464 autscultaret
1366 1422 1396 1463 ⁸.
1456 1421 1535 1463 Ille
1566 1424 1729 1464 vestem

193 1490 335 1532 induit
365 1504 468 1531 auro
498 1490 711 1531 intextam
747 1490 935 1545 itemque
973 1489 1183 1532 citharam
1219 1489 1451 1545 insignem.
1512 1489 1620 1531 Tum
1651 1504 1729 1544 pro

194 1557 329 1613 puppi
367 1559 516 1613 aperto
552 1556 736 1599 maxime
767 1559 894 1612 atque
933 1556 1047 1598 edito
1076 1557 1169 1598 loco
1208 1557 1424 1611 constitit,
1465 1557 1590 1599 sociis
1628 1557 1728 1599 inde

196 1624 390 1683 consulto
419 1638 496 1680 per
525 1639 679 1667 navem
711 1624 925 1667 ceteram9
957 1624 1173 1679 dispersis.
1224 1624 1291 1666 Ibi
1322 1624 1459 1667 Arion
1488 1624 1629 1667 studio
1663 1625 1727 1666 in-

194 1707 328 1749 penso
359 1694 535 1734 cantare
565 1692 731 1734 orditur
759 1692 925 1735 scilicet
954 1692 1062 1734 mari
1092 1693 1136 1734 et
1166 1691 1284 1734 caelo
1315 1692 1421 1734 artis
1451 1707 1553 1734 suae
1582 1706 1726 1747 supre-

194 1775 311 1802 mum
342 1762 833 1802 commemoramentum.
888 1758 1102 1802 Carminis
1130 1759 1217 1801 fine
1249 1774 1344 1802 cum
1375 1760 1502 1802 verbo
1532 1760 1578 1802 in
1609 1774 1726 1801 mare

194 1828 356 1871 desilit:
394 1827 623 1883 delphinus
661 1828 841 1883 excipit,
882 1827 1106 1870 sublimem
1137 1826 1296 1882 avehit,
1335 1828 1436 1870 navi
1473 1828 1723 1883 praevortit‚

193 1896 389 1939 Taenaro
419 1895 609 1951 exponit,
641 1898 851 1952 quantum
872 1894 1076 1950 delphino
1095 1895 1163 1937 fas
1194 1898 1300 1950 erat,
1332 1895 1378 1937 in
1406 1895 1564 1938 extimo
1584 1895 1722 1937 litore.

194 1964 331 2006 Arion
375 1964 474 2006 inde
517 1963 772 2006 Corinthum
814 1963 1120 2019 proficiscitur:
1169 1965 1213 2005 et
1255 1963 1382 2005 homo
1419 1965 1463 2005 et
1506 1963 1638 2005 vestis
1682 1965 1725 2005 et

195 2031 362 2074 cithara
398 2032 480 2074 et¹⁰
523 2046 604 2074 vox
642 2031 889 2074 incolumis:
934 2031 1215 2073 Periandrum
1253 2045 1400 2087 regem
1438 2030 1722 2086 Corinthium,

195 2100 262 2142 0111
292 2114 368 2156 per
398 2102 535 2141 artem
574 2100 772 2156 cognitus
804 2101 1087 2155 acceptusque
1125 2099 1198 2141 diu
1233 2099 1397 2154 fuerat,
1437 2098 1622 2141 accedit:
1659 2113 1722 2140 or-

193 2167 337 2210 dine¹¹
367 2169 576 2210 memorat
605 2182 696 2210 rem
725 2169 893 2224 gestam
929 2168 976 2209 in
1006 2167 1108 2209 navi
1138 2169 1181 2209 et
1210 2168 1360 2222 postea
1389 2167 1435 2208 in
1456 2167 1577 2208 mari.
1632 2166 1722 2208 Rex

308 2318 326 2351 1
352 2314 460 2350 Cod.:
483 2327 638 2360 sequens.

305 2374 326 2405 2
351 2369 480 2406 Potius
502 2373 660 2406 maxima.
710 2373 944 2416 Heindorfius.

306 2431 327 2463 3
352 2426 459 2461 Cod.:
486 2429 532 2471 ἶ,
558 2426 778 2472 compendio
802 2426 841 2462 in
863 2427 935 2463 hoc
960 2426 1095 2462 Codice
1121 2425 1311 2471 singulari.

304 2486 326 2518 4
350 2482 408 2517 Ita
433 2481 568 2517 Codex.

306 2542 327 2574 5
351 2538 492 2573 Codex:
519 2551 643 2575 omnes.
691 2538 806 2574 Recte
831 2538 951 2574 Maius
975 2552 1080 2575 omne.

304 2598 325 2630 6
349 2593 484 2639 Incipit
509 2593 596 2629 Cod.
619 2606 654 2640 p.
685 2598 758 2629 166.

304 2655 323 2687 7
350 2650 438 2686 Cod.
466 2650 586 2696 primo
610 2653 750 2695 possiet,
774 2650 839 2685 sed
864 2647 990 2685 statim
1015 2653 1222 2686 correctum
1245 2654 1364 2696 possit.

302 2710 323 2741 8
349 2706 423 2742 Sed
446 2717 516 2742 sec.
542 2718 590 2742 m.
616 2711 835 2742 auscultaret.

303 2768 324 2798 9
350 2762 462 2798 Cod.:
487 2765 662 2798 citharam.
711 2762 831 2798 Maius
856 2763 1026 2798 correxit.

283 2823 324 2855 10
348 2818 464 2854 Addit
486 2818 616 2855 Maius.

284 2880 322 2912 ll
349 2875 455 2911 Cod.:
481 2879 642 2911 ordinem.
