1968 3158
276 148 360 191 206
741 144 789 178 M.
811 142 1046 178 CORNELII
1071 132 1349 178 FRONTONIS

399 259 531 300 Lucio
562 257 721 298 milites
753 258 828 298 aut
858 256 1015 298 dilectu
1046 268 1157 298 novo
1191 255 1377 297 tirones¹
1409 257 1603 299 sumendi
1630 256 1805 299 fuerunt

278 328 375 370 aut²
410 360 417 368 .
456 360 463 367 .
500 359 507 366 .
545 358 552 366 .
588 327 631 367 et
661 324 779 366 molli
809 324 964 366 militia
996 324 1199 379 corrupti.

390 393 587 448 Namque
617 395 716 448 post
750 426 758 433 .
794 425 803 433 .
837 391 1014 434 3tratae.
1056 391 1279 433 Hadriano
1309 391 1505 447 principe
1534 391 1738 447 regundis
1769 394 1812 434 et

282 462 468 504 facunde
491 460 756 516 appellandis
779 459 1035 502 exercitibus
1057 459 1143 501 suis
1164 459 1350 515 inpigro,
1374 459 1447 501 sed
1469 474 1493 500 a
1508 473 1644 501 summ
1661 491 1813 502 .......

278 530 498 572 bellorum.
545 527 792 570 Hadrianus
807 527 850 554 ³4
881 527 1123 582 provincias
1153 542 1285 568 manu
1306 526 1479 568 Traiani
1514 528 1661 582 captas
1692 527 1815 569 omit·-

277 600 367 640 tere
397 596 562 650 maluit,
595 611 723 651 quam
753 595 944 637 exercitu
972 595 1225 636 retinereb5.

391 665 496 706 Eius
525 664 729 706 itinerum
759 665 1036 705 monumenta
1067 663 1209 704 videas
1239 677 1316 717 per
1346 662 1551 717 plurimas
1581 663 1712 704 Asiae
1744 664 1806 704 at-

278 747 359 788 que
387 732 585 787 Europae
616 731 756 785 urbes,
790 733 833 772 et
862 745 1012 786 regum
1047 764 1054 771 .
1091 764 1100 772 .
1136 764 1143 771 .
1180 764 1188 772 .
1223 730 1434 772 exercitus
1468 763 1475 771 .
1513 764 1520 771 .
1554 745 1677 772 suum
1710 763 1719 772 .
1756 763 1764 771 .
1801 763 1810 771 .

278 800 495 842 neminem
523 814 725 854 umquam
755 800 853 853 post
883 798 988 857 vidit
1008 796 1212 855 nem[ine]
1247 797 1502 852 apstinendo
1522 798 1597 839 uni
1618 797 1809 839 omnium

279 867 570 909 Romanorum
600 866 845 921 principum
883 865 1050 907 Numae
1086 865 1179 921 regi
1220 865 1586 920 aequiperandus6
1619 898 1806 907 .....

282 968 469 977 .....
483 935 720 990 c=⁷pertum
756 935 822 975 est
858 933 912 974 da
945 966 954 974 .
990 966 998 974 .
1032 933 1100 974 his
1137 947 1222 975 rem
1258 932 1475 988 publicam
1513 933 1594 974 sibi
1632 932 1811 975 admini-

285 1003 505 1045 strandam
538 1036 546 1044 .
584 1036 592 1044 .
626 1003 683 1044 sis
724 1017 747 1043 a
786 1001 926 1056 patria
960 1034 967 1042 .
1004 1034 1012 1042 .
1044 1015 1124 1043 nec
1162 1000 1263 1042 belli
1302 1000 1501 1042 adversus
1531 999 1712 1042 Parthos
1749 1001 1812 1042 in-

281 1071 502 1113 staurandi
551 1069 733 1127 [auc]tor
779 1103 787 1110 .
825 1103 832 1110 .
867 1070 883 1094 8
923 1102 932 1110 .
968 1102 976 1110 .
1017 1068 1079 1110 ita
1123 1068 1255 1124 longa
1300 1067 1579 1123 >desuetudine
1624 1067 1811 1110 bellandi

279 1139 401 1180 miles
441 1138 661 1180 Romanus
707 1138 759 1179 ad
796 1137 1016 1193 ignaviam
1054 1137 1264 1194 redactus.
1329 1135 1442 1178 Nam
1481 1150 1577 1177 cum
1614 1127 1810 1177 omnibus

282 1206 445 1248 artibus
475 1208 567 1247 tum
597 1205 826 1260 praecipue
857 1205 919 1246 rei
950 1203 1126 1246 militari
1157 1202 1318 1246 desidia
1347 1203 1477 1244 noxia
1505 1203 1614 1244 estd.
1647 1202 1765 1245 Per‘.
1800 1235 1810 1245 .

281 1276 345 1315 est
378 1308 386 1315 .
422 1307 431 1315 .
465 1273 649 1329 experiri
681 1275 724 1315 et
757 1306 765 1314 .
805 1306 812 1314 .
846 1272 1003 1313 milites
1033 1271 1079 1312 in
1112 1285 1262 1326 campo
1293 1285 1500 1313 exercere.

395 1341 713 1396 Corruptissimi
754 1355 854 1381 vero
893 1339 1082 1381 omnium
1120 1338 1319 1394 Syriatici
1358 1338 1516 1380 milites
1526 1347 1554 1393 θ,
1602 1338 1808 1393 seditiosi,

282 1411 569 1463 contumaces,
603 1409 716 1463 apud
746 1408 872 1463 signa
901 1407 1210 1462 infrequenteS,
1246 1440 1255 1448 .
1291 1439 1299 1447 .
1332 1406 1557 1461 praesidiis
1587 1406 1687 1461 vagi
1729 1439 1737 1447 .
1764 1439 1772 1447 .
1798 1439 1807 1448 .

281 1491 330 1518 ac
374 1476 572 1531 palantes
618 1476 668 1517 de
712 1475 889 1517 meridie
923 1508 930 1516 .
967 1474 1006 1516 ‚9
1036 1474 1282 1528 temulenti3
1326 1488 1381 1515 ne
1431 1476 1598 1515 armatu
1642 1473 1810 1528 quidem

280 1543 530 1586 sustinendo
571 1543 756 1597 adsueti,
798 1541 870 1584 sed
901 1541 1161 1597 inpatientia
1198 1541 1358 1583 laboris
1398 1541 1526 1583 armis
1557 1540 1810 1596 singillatim

392 1680 414 1703 a
440 1670 484 1702 In
507 1671 674 1713 margine:
700 1666 755 1702 De
778 1665 970 1702 Hadriano
995 1666 1088 1711 Imp.

393 1724 417 1758 b
442 1727 487 1759 In
511 1728 676 1769 maryine:
701 1723 911 1758 Hadrianus
935 1743 978 1747 —
1002 1721 1173 1757 retinere.

393 1792 411 1815 c
436 1784 481 1815 In
505 1785 671 1826 margine:
704 1779 828 1821 Qualis
853 1779 1062 1814 Antoninus
1085 1778 1208 1813 fuerit.

393 1837 417 1871 d
441 1840 486 1872 In
510 1842 688 1882 marginem
702 1839 833 1881 Longa
858 1834 1100 1871 desuetudine
1124 1855 1168 1859 -—
1192 1834 1303 1869 noxia
1328 1835 1393 1869 est.

393 1904 412 1928 e
438 1897 483 1928 In
507 1897 675 1938 margine:
699 1891 936 1937 Vituperatio
962 1891 1133 1936 Syriatici
1158 1890 1341 1926 exercitus
1368 1889 1542 1935 corrupti.

278 2007 346 2041 pro
372 1999 529 2040 cuiusque
556 1994 740 2039 dignitate
767 1994 942 2037 ornabat,
974 1994 1015 2028 ut
1047 2005 1153 2028 suum
1176 1992 1360 2027 nonnuIJis
1391 1991 1598 2038 praemium
1624 1995 1809 2037 triumphus

279 2051 478 2086 videretur.
526 2050 638 2086 Lucio
665 2051 733 2086 cet.

395 2111 411 2141 1
437 2107 519 2141 Duo
544 2106 725 2141 vocabula
748 2106 867 2142 Maius
884 2106 1114 2151 supplevisse
1131 2106 1288 2149 videtur,
1315 2105 1380 2140 sed
1396 2103 1579 2151 nospatis
1605 2105 1661 2139 est
1684 2102 1804 2149 s'patfi.

392 2168 412 2197 2
437 2162 575 2208 Supple
601 2162 693 2198 duos
720 2173 856 2198 versus.

374 2224 412 2255 ‘3
437 2219 529 2254 Tres
557 2230 683 2254 versus
713 2218 855 2254 incerti.
907 2217 1063 2263 Supplet
1097 2218 1348 2253 Heindorfius:
1390 2220 1542 2262 Namque
1570 2224 1649 2262 post
1680 2217 1806 2252 Traia-

278 2289 366 2311 num
391 2275 541 2311 evanuit
563 2275 835 2321 propemodum
860 2275 1014 2318 antiqua
1036 2274 1194 2309 militum
1217 2274 1349 2317 virtus,
1374 2277 1559 2309 Hadriano
1583 2293 1627 2299 —
1650 2277 1806 2318 impiyro,

278 2337 342 2368 sed
371 2346 392 2368 a
415 2345 538 2367 summa
570 2340 678 2367 tamen
709 2334 867 2367 bellorum
903 2330 1198 2366 administranda
1233 2330 1364 2365 alieno.
1414 2328 1558 2375 Quippe
1594 2329 1804 2365 Hadrianus

278 2388 443 2434 provinc.

391 2450 413 2480 4
435 2444 555 2480 Maius
579 2444 801 2480 vocabulum
825 2443 1006 2479 adsumsit
1030 2455 1050 2479 e
1074 2443 1255 2489 margine,
1279 2454 1368 2478 nam
1391 2442 1555 2487 spatium
1578 2452 1652 2477 non
1677 2443 1743 2478 est.

394 2506 413 2537 5
439 2500 658 2549 Spartianus
682 2501 720 2535 in
743 2500 857 2536 Hadr.
882 2500 946 2536 vit.
974 2512 1002 2535 c.
1031 2504 1062 2536 5.
1095 2500 1253 2545 August.
1279 2498 1325 2534 de
1351 2498 1426 2534 civ.
1451 2497 1496 2533 D.
1514 2497 1576 2534 IV.
1595 2502 1650 2534 29.
1678 2501 1803 2537 Maius.

392 2562 412 2593 (3
435 2557 853 2605 Frontonem-imitatur
878 2556 1075 2602 Capitolin.
1100 2555 1139 2591 in
1163 2556 1228 2591 Pio
1255 2567 1283 2590 c.
1309 2555 1373 2590 ult.
1401 2556 1527 2590 Maius.

394 2619 412 2650 7
439 2614 612 2659 Sequitur
641 2613 728 2649 Cod.
754 2625 790 2658 p.
818 2617 884 2649 258
909 2613 1076 2648 obscura.

392 2675 412 2705 8
438 2670 576 2716 Supple
602 2668 795 2704 dimidium
821 2679 977 2704 versum.
1020 2672 1145 2705 Maius.

392 2731 412 2762 9
438 2727 479 2761 In
503 2726 560 2762 his
584 2726 725 2762 lacunis
748 2737 869 2771 pauca
892 2726 1009 2761 verba
1031 2726 1233 2771 perierunt.
1266 2724 1516 2760 Heindorfius:
1541 2724 1597 2758 An
1615 2724 1735 2758 'fortez
1760 2734 1803 2758 ex

281 2783 437 2818 castellis
464 2783 576 2818 etiam
608 2786 645 2817 et
672 2786 860 2827 praesidiis
884 2787 961 2827 υιιῃί
983 2783 1059 2817 sine
1085 2782 1293 2817 commeatu
1319 2795 1360 2817 ae
1382 2784 1551 2825 palantes.
1601 2779 1694 2823 Tum
1719 2779 1801 2814 Nie-

279 2839 448 2873 buhrius:
476 2843 517 2874 de
541 2842 681 2874 meridie
705 2838 939 2874 somniculosi
963 2850 1006 2874 ac
1032 2842 1209 2874 temulenti.
